<?xml version="1.0" encoding="UTF-8" ?><marc:collection xmlns:marc="http://www.loc.gov/MARC21/slim" xmlns:xsi="http://www.w3.org/2001/XMLSchema-instance" xsi:schemaLocation="http://www.loc.gov/MARC21/slim http://www.loc.gov/standards/marcxml/schema/MARC21slim.xsd">
<marc:record><marc:leader>01207cam a22003254a 4500</marc:leader>
<marc:datafield tag="999" ind1=" " ind2=" "><marc:subfield code="c">1</marc:subfield><marc:subfield code="d">1</marc:subfield></marc:datafield>
<marc:controlfield tag="001">12360325</marc:controlfield><marc:controlfield tag="003">OSt</marc:controlfield><marc:controlfield tag="005">20170309020412.0</marc:controlfield><marc:controlfield tag="008">010327s2001    nyua          001 0 eng  </marc:controlfield><marc:datafield tag="010" ind1=" " ind2=" "><marc:subfield code="a">  2001089274</marc:subfield></marc:datafield><marc:datafield tag="020" ind1=" " ind2=" "><marc:subfield code="a">0764547836 (pbk.)</marc:subfield></marc:datafield><marc:datafield tag="040" ind1=" " ind2=" "><marc:subfield code="a">DLC</marc:subfield><marc:subfield code="c">DLC</marc:subfield><marc:subfield code="d">DLC</marc:subfield></marc:datafield><marc:datafield tag="042" ind1=" " ind2=" "><marc:subfield code="a">pcc</marc:subfield></marc:datafield><marc:datafield tag="050" ind1="0" ind2="0"><marc:subfield code="a">QA76.73.P22</marc:subfield><marc:subfield code="b">A67 2001</marc:subfield></marc:datafield><marc:datafield tag="082" ind1="0" ind2="0"><marc:subfield code="a">005.2/762</marc:subfield><marc:subfield code="2">21</marc:subfield></marc:datafield><marc:datafield tag="245" ind1="1" ind2="0"><marc:subfield code="a">Applied Perl /</marc:subfield><marc:subfield code="c">edited by Peter Williams</marc:subfield></marc:datafield><marc:datafield tag="260" ind1=" " ind2=" "><marc:subfield code="a">New York :</marc:subfield><marc:subfield code="b">M&amp;T Books,</marc:subfield><marc:subfield code="c">c2001</marc:subfield></marc:datafield><marc:datafield tag="300" ind1=" " ind2=" "><marc:subfield code="a">xxv, 405 p. :</marc:subfield><marc:subfield code="b">il. ;</marc:subfield><marc:subfield code="c">24 cm.</marc:subfield></marc:datafield><marc:datafield tag="500" ind1=" " ind2=" "><marc:subfield code="a">Includes index.</marc:subfield></marc:datafield><marc:datafield tag="650" ind1=" " ind2="0"><marc:subfield code="a">buddhism</marc:subfield></marc:datafield><marc:datafield tag="650" ind1=" " ind2="0"><marc:subfield code="a">buddhism</marc:subfield></marc:datafield><marc:datafield tag="700" ind1="1" ind2=" "><marc:subfield code="a">Williams, Peter.</marc:subfield></marc:datafield><marc:datafield tag="856" ind1="4" ind2="1"><marc:subfield code="3">Table of contents</marc:subfield><marc:subfield code="u">http://www.loc.gov/catdir/toc/wiley022/2001089274.html</marc:subfield></marc:datafield><marc:datafield tag="856" ind1="4" ind2="2"><marc:subfield code="3">Contributor biographical information</marc:subfield><marc:subfield code="u">http://www.loc.gov/catdir/enhancements/fy0706/2001089274-b.html</marc:subfield></marc:datafield><marc:datafield tag="856" ind1="4" ind2="2"><marc:subfield code="3">Publisher description</marc:subfield><marc:subfield code="u">http://www.loc.gov/catdir/enhancements/fy0706/2001089274-d.html</marc:subfield></marc:datafield><marc:datafield tag="906" ind1=" " ind2=" "><marc:subfield code="a">7</marc:subfield><marc:subfield code="b">cbc</marc:subfield><marc:subfield code="c">orignew</marc:subfield><marc:subfield code="d">2</marc:subfield><marc:subfield code="e">epcn</marc:subfield><marc:subfield code="f">20</marc:subfield><marc:subfield code="g">y-gencatlg</marc:subfield></marc:datafield><marc:datafield tag="942" ind1=" " ind2=" "><marc:subfield code="2">ddc</marc:subfield><marc:subfield code="c">BK</marc:subfield></marc:datafield><marc:datafield tag="955" ind1=" " ind2=" "><marc:subfield code="a">pc14 03-27-01</marc:subfield><marc:subfield code="a">pv10 2001-08-07 to ASCD;</marc:subfield><marc:subfield code="c">jf03 2001-08-21 to Subj.</marc:subfield><marc:subfield code="a">jf00 2001-08-21</marc:subfield><marc:subfield code="a">aa20 2001-09-28</marc:subfield></marc:datafield><marc:datafield tag="952" ind1=" " ind2=" "><marc:subfield code="0">0</marc:subfield><marc:subfield code="1">0</marc:subfield><marc:subfield code="2">ddc</marc:subfield><marc:subfield code="4">0</marc:subfield><marc:subfield code="7">0</marc:subfield><marc:subfield code="9">1</marc:subfield><marc:subfield code="a">bb_ar</marc:subfield><marc:subfield code="b">bb_ar</marc:subfield><marc:subfield code="d">2016-04-08</marc:subfield><marc:subfield code="r">2016-04-08</marc:subfield><marc:subfield code="w">2016-04-08</marc:subfield><marc:subfield code="y">BK</marc:subfield></marc:datafield></marc:record>