
<marc:record><marc:leader>00585nam a2200193Ia 4500</marc:leader>
<marc:datafield tag="999" ind1=" " ind2=" "><marc:subfield code="c">3</marc:subfield><marc:subfield code="d">3</marc:subfield></marc:datafield>
<marc:controlfield tag="003">OSt</marc:controlfield><marc:controlfield tag="005">20170301084803.0</marc:controlfield><marc:controlfield tag="008">160520s9999    xx            000 0 und d</marc:controlfield><marc:datafield tag="020" ind1=" " ind2=" "><marc:subfield code="a">1870205022</marc:subfield></marc:datafield><marc:datafield tag="040" ind1=" " ind2=" "><marc:subfield code="c">BD</marc:subfield></marc:datafield><marc:datafield tag="041" ind1=" " ind2=" "><marc:subfield code="a">English</marc:subfield></marc:datafield><marc:datafield tag="100" ind1="1" ind2=" "><marc:subfield code="a">Sumedho, Ajahn</marc:subfield></marc:datafield><marc:datafield tag="245" ind1=" " ind2=" "><marc:subfield code="a">Cittaviveka: </marc:subfield><marc:subfield code="b">teachings from the silent mind /</marc:subfield><marc:subfield code="c">Sumedho, Ajahn</marc:subfield></marc:datafield><marc:datafield tag="260" ind1=" " ind2=" "><marc:subfield code="a">Hertfordshire :</marc:subfield><marc:subfield code="b">Amaravati Publications,</marc:subfield><marc:subfield code="c">1992</marc:subfield></marc:datafield><marc:datafield tag="300" ind1=" " ind2=" "><marc:subfield code="a">139 p.</marc:subfield></marc:datafield><marc:datafield tag="535" ind1=" " ind2=" "><marc:subfield code="b">O2_B_1_1</marc:subfield></marc:datafield><marc:datafield tag="942" ind1=" " ind2=" "><marc:subfield code="2">ddc</marc:subfield><marc:subfield code="c">BK</marc:subfield></marc:datafield><marc:datafield tag="952" ind1=" " ind2=" "><marc:subfield code="0">0</marc:subfield><marc:subfield code="1">0</marc:subfield><marc:subfield code="2">ddc</marc:subfield><marc:subfield code="4">0</marc:subfield><marc:subfield code="6">O_2_B_01_01</marc:subfield><marc:subfield code="7">0</marc:subfield><marc:subfield code="9">4</marc:subfield><marc:subfield code="a">bb_ar</marc:subfield><marc:subfield code="b">bb_ar</marc:subfield><marc:subfield code="c">O2</marc:subfield><marc:subfield code="d">2016-05-21</marc:subfield><marc:subfield code="o">O2_B_01_01</marc:subfield><marc:subfield code="r">2016-05-21</marc:subfield><marc:subfield code="t">ej.1</marc:subfield><marc:subfield code="w">2016-05-21</marc:subfield><marc:subfield code="y">BK</marc:subfield></marc:datafield></marc:record>