
<marc:record><marc:leader>01112cam a2200313 a 4500</marc:leader>
<marc:datafield tag="999" ind1=" " ind2=" "><marc:subfield code="c">4</marc:subfield><marc:subfield code="d">4</marc:subfield></marc:datafield>
<marc:controlfield tag="001">2434380</marc:controlfield><marc:controlfield tag="003">OSt</marc:controlfield><marc:controlfield tag="005">20170301084803.0</marc:controlfield><marc:controlfield tag="008">880303s1987    ii       b    000 0 hino </marc:controlfield><marc:datafield tag="010" ind1=" " ind2=" "><marc:subfield code="a">   87904401 </marc:subfield></marc:datafield><marc:datafield tag="025" ind1=" " ind2=" "><marc:subfield code="a">I H 22496</marc:subfield></marc:datafield><marc:datafield tag="040" ind1=" " ind2=" "><marc:subfield code="a">DLC</marc:subfield><marc:subfield code="c">DLC</marc:subfield><marc:subfield code="d">DLC</marc:subfield></marc:datafield><marc:datafield tag="050" ind1="0" ind2="0"><marc:subfield code="a">PK2098.S5355</marc:subfield><marc:subfield code="b">Z53 1987</marc:subfield></marc:datafield><marc:datafield tag="100" ind1="1" ind2=" "><marc:subfield code="a">Mahendra Madhukara</marc:subfield></marc:datafield><marc:datafield tag="245" ind1="1" ind2="0"><marc:subfield code="a">Ācārya Śukla kā ālocanā-śāstra /</marc:subfield><marc:subfield code="c">Mahendra Madhukara.</marc:subfield></marc:datafield><marc:datafield tag="250" ind1=" " ind2=" "><marc:subfield code="a">1. saṃskaraṇa.</marc:subfield></marc:datafield><marc:datafield tag="260" ind1=" " ind2=" "><marc:subfield code="a">Dillī :</marc:subfield><marc:subfield code="b">Manjula Prakāśana,</marc:subfield><marc:subfield code="c">1987.</marc:subfield></marc:datafield><marc:datafield tag="300" ind1=" " ind2=" "><marc:subfield code="a">154 p. ;</marc:subfield><marc:subfield code="c">23 cm.</marc:subfield></marc:datafield><marc:datafield tag="500" ind1=" " ind2=" "><marc:subfield code="a">In Hindi.</marc:subfield></marc:datafield><marc:datafield tag="504" ind1=" " ind2=" "><marc:subfield code="a">Includes bibliographical references.</marc:subfield></marc:datafield><marc:datafield tag="520" ind1=" " ind2=" "><marc:subfield code="a">On the works of Ram Chandra Shukla, 1884-1941, historian and Hindi critic; contributed articles.</marc:subfield></marc:datafield><marc:datafield tag="600" ind1="1" ind2="0"><marc:subfield code="a">Śukla, Rāmacandra,</marc:subfield><marc:subfield code="d">1884-1941</marc:subfield><marc:subfield code="x">Criticism and interpretation.</marc:subfield></marc:datafield><marc:datafield tag="700" ind1="1" ind2=" "><marc:subfield code="a">Madhukara, Mahendra,</marc:subfield><marc:subfield code="d">1940-</marc:subfield></marc:datafield><marc:datafield tag="856" ind1=" " ind2=" "><marc:subfield code="u">http://ohdbks</marc:subfield></marc:datafield><marc:datafield tag="906" ind1=" " ind2=" "><marc:subfield code="a">7</marc:subfield><marc:subfield code="b">cbc</marc:subfield><marc:subfield code="c">orignew</marc:subfield><marc:subfield code="d">4</marc:subfield><marc:subfield code="e">ncip</marc:subfield><marc:subfield code="f">19</marc:subfield><marc:subfield code="g">y-gencatlg</marc:subfield></marc:datafield><marc:datafield tag="942" ind1=" " ind2=" "><marc:subfield code="2">ddc</marc:subfield><marc:subfield code="c">BK</marc:subfield></marc:datafield><marc:datafield tag="955" ind1=" " ind2=" "><marc:subfield code="a">bg01 to SCD 12-14-89; fc04 01-03-9; fr24 01-24-89</marc:subfield></marc:datafield><marc:datafield tag="952" ind1=" " ind2=" "><marc:subfield code="0">0</marc:subfield><marc:subfield code="1">0</marc:subfield><marc:subfield code="2">ddc</marc:subfield><marc:subfield code="4">0</marc:subfield><marc:subfield code="7">0</marc:subfield><marc:subfield code="9">5</marc:subfield><marc:subfield code="a">bb_ar</marc:subfield><marc:subfield code="b">bb_ar</marc:subfield><marc:subfield code="d">2016-06-06</marc:subfield><marc:subfield code="p">12345</marc:subfield><marc:subfield code="r">2016-06-06</marc:subfield><marc:subfield code="w">2016-06-06</marc:subfield><marc:subfield code="y">BK</marc:subfield></marc:datafield></marc:record>