
<marc:record><marc:leader>00594nam a2200169Ia 4500</marc:leader>
<marc:controlfield tag="008">160831t1987    fr            000 0 fre d</marc:controlfield>
<marc:datafield tag="020" ind1=" " ind2=" "><marc:subfield code="a">9232024756</marc:subfield></marc:datafield><marc:datafield tag="040" ind1=" " ind2=" "><marc:subfield code="c">Biblioteca Budista</marc:subfield></marc:datafield><marc:datafield tag="041" ind1=" " ind2=" "><marc:subfield code="a">fre</marc:subfield></marc:datafield><marc:datafield tag="100" ind1=" " ind2=" "><marc:subfield code="a">Lévi-Strauss, Claude</marc:subfield></marc:datafield><marc:datafield tag="245" ind1=" " ind2=" "><marc:subfield code="a">Race et histoire : </marc:subfield><marc:subfield code="b">suivi de l'oeuvre de Claude Lévi-Strauss par Jean Pouillon /</marc:subfield><marc:subfield code="c">Claude Lévi-Strauss</marc:subfield></marc:datafield><marc:datafield tag="260" ind1=" " ind2=" "><marc:subfield code="a">[Paris] :</marc:subfield><marc:subfield code="b">Denoël,</marc:subfield><marc:subfield code="c">1987imp.</marc:subfield></marc:datafield><marc:datafield tag="300" ind1=" " ind2=" "><marc:subfield code="a">127 p.</marc:subfield></marc:datafield><marc:datafield tag="490" ind1=" " ind2=" "><marc:subfield code="a">(Folio / Essais)</marc:subfield></marc:datafield><marc:datafield tag="942" ind1=" " ind2=" "><marc:subfield code="c">BK</marc:subfield><marc:subfield code="2">ddc</marc:subfield></marc:datafield><marc:datafield tag="999" ind1=" " ind2=" "><marc:subfield code="c">9</marc:subfield><marc:subfield code="d">9</marc:subfield></marc:datafield><marc:datafield tag="952" ind1=" " ind2=" "><marc:subfield code="0">0</marc:subfield><marc:subfield code="1">0</marc:subfield><marc:subfield code="2">ddc</marc:subfield><marc:subfield code="4">0</marc:subfield><marc:subfield code="6">O_2_XI_01_04</marc:subfield><marc:subfield code="7">0</marc:subfield><marc:subfield code="9">10</marc:subfield><marc:subfield code="a">bb_ar</marc:subfield><marc:subfield code="b">bb_ar</marc:subfield><marc:subfield code="c">O2</marc:subfield><marc:subfield code="d">2016-09-02</marc:subfield><marc:subfield code="o">O2_XI_01_04</marc:subfield><marc:subfield code="r">2016-09-02</marc:subfield><marc:subfield code="t">ej.1</marc:subfield><marc:subfield code="w">2016-09-02</marc:subfield><marc:subfield code="y">BK</marc:subfield></marc:datafield></marc:record>