
<marc:record><marc:leader>00595nam a2200169Ia 4500</marc:leader>
<marc:controlfield tag="003">OSt</marc:controlfield>
<marc:controlfield tag="005">20170301084804.0</marc:controlfield><marc:controlfield tag="008">160831t1962    xxu           000 0 eng d</marc:controlfield><marc:datafield tag="040" ind1=" " ind2=" "><marc:subfield code="c">Biblioteca Budista</marc:subfield></marc:datafield><marc:datafield tag="041" ind1=" " ind2=" "><marc:subfield code="a">English</marc:subfield></marc:datafield><marc:datafield tag="100" ind1=" " ind2=" "><marc:subfield code="a">La Barre, Weston</marc:subfield></marc:datafield><marc:datafield tag="245" ind1=" " ind2=" "><marc:subfield code="a">They shall take up serpents: </marc:subfield><marc:subfield code="b">psychology of the southern snake-handling cult /</marc:subfield><marc:subfield code="c">Weston La Barre</marc:subfield></marc:datafield><marc:datafield tag="260" ind1=" " ind2=" "><marc:subfield code="a">Minneapolis :</marc:subfield><marc:subfield code="b">University of Minnesota Press,</marc:subfield><marc:subfield code="c">c1962</marc:subfield></marc:datafield><marc:datafield tag="300" ind1=" " ind2=" "><marc:subfield code="a">208 p.</marc:subfield></marc:datafield><marc:datafield tag="942" ind1=" " ind2=" "><marc:subfield code="c">BK</marc:subfield><marc:subfield code="2">ddc</marc:subfield></marc:datafield><marc:datafield tag="999" ind1=" " ind2=" "><marc:subfield code="c">14</marc:subfield><marc:subfield code="d">14</marc:subfield></marc:datafield><marc:datafield tag="952" ind1=" " ind2=" "><marc:subfield code="0">0</marc:subfield><marc:subfield code="1">0</marc:subfield><marc:subfield code="2">ddc</marc:subfield><marc:subfield code="4">0</marc:subfield><marc:subfield code="6">O_2_XI_01_09</marc:subfield><marc:subfield code="7">0</marc:subfield><marc:subfield code="9">15</marc:subfield><marc:subfield code="a">bb_ar</marc:subfield><marc:subfield code="b">bb_ar</marc:subfield><marc:subfield code="c">O2</marc:subfield><marc:subfield code="d">2016-09-02</marc:subfield><marc:subfield code="o">O2_XI_01_09</marc:subfield><marc:subfield code="r">2016-09-02</marc:subfield><marc:subfield code="t">ej.1</marc:subfield><marc:subfield code="w">2016-09-02</marc:subfield><marc:subfield code="y">BK</marc:subfield></marc:datafield></marc:record>