
<marc:record><marc:leader>00933nam a2200217Ia 4500</marc:leader>
<marc:datafield tag="999" ind1=" " ind2=" "><marc:subfield code="c">21</marc:subfield><marc:subfield code="d">21</marc:subfield></marc:datafield>
<marc:controlfield tag="003">OSt</marc:controlfield><marc:controlfield tag="005">20170301084804.0</marc:controlfield><marc:controlfield tag="008">160902s9999    xx            000 0 und d</marc:controlfield><marc:datafield tag="020" ind1=" " ind2=" "><marc:subfield code="a">8120811615</marc:subfield></marc:datafield><marc:datafield tag="040" ind1=" " ind2=" "><marc:subfield code="c">Biblioteca Budista</marc:subfield></marc:datafield><marc:datafield tag="100" ind1="1" ind2=" "><marc:subfield code="a">Youlan, Feng</marc:subfield></marc:datafield><marc:datafield tag="245" ind1="1" ind2="2"><marc:subfield code="a">A history of chinese philosophy /</marc:subfield><marc:subfield code="c">Youlan Feng ; Derk Bodde (tr.)</marc:subfield></marc:datafield><marc:datafield tag="260" ind1=" " ind2=" "><marc:subfield code="a">Delhi :</marc:subfield><marc:subfield code="b">Motilal Banarsidass,</marc:subfield><marc:subfield code="c">1994</marc:subfield></marc:datafield><marc:datafield tag="300" ind1=" " ind2=" "><marc:subfield code="a">2 v.</marc:subfield></marc:datafield><marc:datafield tag="505" ind1=" " ind2=" "><marc:subfield code="a">Contenido: v.1: The period of the philosophers from the beginnings to circa 100 B.C.; v.2: The period of classical learning from the second century B.C. to the twentieth century A.D.</marc:subfield></marc:datafield><marc:datafield tag="700" ind1="1" ind2=" "><marc:subfield code="a">Bodde, Derk </marc:subfield><marc:subfield code="e">tr.</marc:subfield></marc:datafield><marc:datafield tag="930" ind1=" " ind2=" "><marc:subfield code="a">2</marc:subfield></marc:datafield><marc:datafield tag="942" ind1=" " ind2=" "><marc:subfield code="c">BK</marc:subfield><marc:subfield code="2">ddc</marc:subfield></marc:datafield><marc:datafield tag="952" ind1=" " ind2=" "><marc:subfield code="0">0</marc:subfield><marc:subfield code="1">0</marc:subfield><marc:subfield code="2">ddc</marc:subfield><marc:subfield code="4">0</marc:subfield><marc:subfield code="6">O_2_XI_02_04</marc:subfield><marc:subfield code="7">0</marc:subfield><marc:subfield code="9">22</marc:subfield><marc:subfield code="a">bb_ar</marc:subfield><marc:subfield code="b">bb_ar</marc:subfield><marc:subfield code="c">O2</marc:subfield><marc:subfield code="d">2016-09-02</marc:subfield><marc:subfield code="h">v.1</marc:subfield><marc:subfield code="o">O2_XI_02_04</marc:subfield><marc:subfield code="r">2016-09-02</marc:subfield><marc:subfield code="t">ej.1</marc:subfield><marc:subfield code="w">2016-09-02</marc:subfield><marc:subfield code="y">BK</marc:subfield></marc:datafield><marc:datafield tag="952" ind1=" " ind2=" "><marc:subfield code="0">0</marc:subfield><marc:subfield code="1">0</marc:subfield><marc:subfield code="2">ddc</marc:subfield><marc:subfield code="4">0</marc:subfield><marc:subfield code="6">O_2_XI_02_05</marc:subfield><marc:subfield code="7">0</marc:subfield><marc:subfield code="9">23</marc:subfield><marc:subfield code="a">bb_ar</marc:subfield><marc:subfield code="b">bb_ar</marc:subfield><marc:subfield code="c">O2</marc:subfield><marc:subfield code="d">2016-10-07</marc:subfield><marc:subfield code="h">v. 2</marc:subfield><marc:subfield code="o">O2_XI_02_05</marc:subfield><marc:subfield code="r">2016-10-07</marc:subfield><marc:subfield code="t">ej.1</marc:subfield><marc:subfield code="w">2016-10-07</marc:subfield><marc:subfield code="y">BK</marc:subfield></marc:datafield></marc:record>