
<marc:record><marc:leader>00603nam a2200169Ia 4500</marc:leader>
<marc:datafield tag="999" ind1=" " ind2=" "><marc:subfield code="c">29</marc:subfield><marc:subfield code="d">29</marc:subfield></marc:datafield>
<marc:controlfield tag="003">OSt</marc:controlfield><marc:controlfield tag="005">20170301084805.0</marc:controlfield><marc:controlfield tag="008">160520s9999    xx            000 0 und d</marc:controlfield><marc:datafield tag="041" ind1=" " ind2=" "><marc:subfield code="a">english</marc:subfield></marc:datafield><marc:datafield tag="100" ind1="1" ind2=" "><marc:subfield code="a">Thynn, Thynn</marc:subfield></marc:datafield><marc:datafield tag="245" ind1="1" ind2="0"><marc:subfield code="a">Living meditation, living insight :</marc:subfield><marc:subfield code="b">the path of mindfulness in daily life /</marc:subfield><marc:subfield code="c">Thynn Thynn</marc:subfield></marc:datafield><marc:datafield tag="250" ind1=" " ind2=" "><marc:subfield code="a">2nd ed.</marc:subfield></marc:datafield><marc:datafield tag="260" ind1=" " ind2=" "><marc:subfield code="a">Taipei :</marc:subfield><marc:subfield code="b">The Corporate Body of the Buddha Educational Foundation,</marc:subfield><marc:subfield code="c">1995</marc:subfield></marc:datafield><marc:datafield tag="300" ind1=" " ind2=" "><marc:subfield code="a">110 p.</marc:subfield></marc:datafield><marc:datafield tag="942" ind1=" " ind2=" "><marc:subfield code="2">ddc</marc:subfield><marc:subfield code="c">BK</marc:subfield></marc:datafield><marc:datafield tag="952" ind1=" " ind2=" "><marc:subfield code="0">0</marc:subfield><marc:subfield code="1">0</marc:subfield><marc:subfield code="2">ddc</marc:subfield><marc:subfield code="4">0</marc:subfield><marc:subfield code="6">O_2_000000000000000_B_1_6</marc:subfield><marc:subfield code="7">0</marc:subfield><marc:subfield code="9">31</marc:subfield><marc:subfield code="a">bb_ar</marc:subfield><marc:subfield code="b">bb_ar</marc:subfield><marc:subfield code="c">O2</marc:subfield><marc:subfield code="d">2016-09-29</marc:subfield><marc:subfield code="o">O2 B 1 6</marc:subfield><marc:subfield code="r">2016-09-29</marc:subfield><marc:subfield code="t">ej.1</marc:subfield><marc:subfield code="w">2016-09-29</marc:subfield><marc:subfield code="y">BK</marc:subfield></marc:datafield></marc:record>