
<marc:record><marc:leader>00562nam a2200169Ia 4500</marc:leader>
<marc:datafield tag="999" ind1=" " ind2=" "><marc:subfield code="c">30</marc:subfield><marc:subfield code="d">30</marc:subfield></marc:datafield>
<marc:controlfield tag="003">OSt</marc:controlfield><marc:controlfield tag="005">20170301084805.0</marc:controlfield><marc:controlfield tag="008">160520s9999    xx            000 0 und d</marc:controlfield><marc:datafield tag="041" ind1=" " ind2=" "><marc:subfield code="a">english</marc:subfield></marc:datafield><marc:datafield tag="100" ind1="1" ind2=" "><marc:subfield code="a">Kung, Chin</marc:subfield></marc:datafield><marc:datafield tag="245" ind1="1" ind2="2"><marc:subfield code="a">A path to true happiness /</marc:subfield><marc:subfield code="c">Kung Chin ; translated by Triratnani Discipies</marc:subfield></marc:datafield><marc:datafield tag="260" ind1=" " ind2=" "><marc:subfield code="a">Texas :</marc:subfield><marc:subfield code="b">Dallas Buddhist Association,</marc:subfield><marc:subfield code="c">1995</marc:subfield></marc:datafield><marc:datafield tag="300" ind1=" " ind2=" "><marc:subfield code="a">47 p.</marc:subfield></marc:datafield><marc:datafield tag="700" ind1="1" ind2=" "><marc:subfield code="a">Discipies,Triratnani</marc:subfield><marc:subfield code="4">tr.</marc:subfield></marc:datafield><marc:datafield tag="942" ind1=" " ind2=" "><marc:subfield code="2">ddc</marc:subfield><marc:subfield code="c">BK</marc:subfield></marc:datafield><marc:datafield tag="952" ind1=" " ind2=" "><marc:subfield code="0">0</marc:subfield><marc:subfield code="1">0</marc:subfield><marc:subfield code="2">ddc</marc:subfield><marc:subfield code="4">0</marc:subfield><marc:subfield code="6">O_2_B_01_07</marc:subfield><marc:subfield code="7">0</marc:subfield><marc:subfield code="9">32</marc:subfield><marc:subfield code="a">bb_ar</marc:subfield><marc:subfield code="b">bb_ar</marc:subfield><marc:subfield code="c">O2</marc:subfield><marc:subfield code="d">2016-09-29</marc:subfield><marc:subfield code="o">O2_B_01_07</marc:subfield><marc:subfield code="r">2016-09-29</marc:subfield><marc:subfield code="t">ej.1</marc:subfield><marc:subfield code="w">2016-09-29</marc:subfield><marc:subfield code="y">BK</marc:subfield></marc:datafield></marc:record>