
<marc:record><marc:leader>00691nam a2200205Ia 4500</marc:leader>
<marc:datafield tag="999" ind1=" " ind2=" "><marc:subfield code="c">31</marc:subfield><marc:subfield code="d">31</marc:subfield></marc:datafield>
<marc:controlfield tag="003">OSt</marc:controlfield><marc:controlfield tag="005">20170301084805.0</marc:controlfield><marc:controlfield tag="008">160520s9999    xx            000 0 und d</marc:controlfield><marc:datafield tag="020" ind1=" " ind2=" "><marc:subfield code="a">9552401283</marc:subfield></marc:datafield><marc:datafield tag="041" ind1=" " ind2=" "><marc:subfield code="a">english</marc:subfield></marc:datafield><marc:datafield tag="100" ind1="1" ind2=" "><marc:subfield code="a">Silva, Lily</marc:subfield></marc:datafield><marc:datafield tag="245" ind1="1" ind2="0"><marc:subfield code="a">Nibbana as living experience :</marc:subfield><marc:subfield code="b">the Buddha and the arahant : two studies from the Pali canon /</marc:subfield><marc:subfield code="c">Lily Silva</marc:subfield></marc:datafield><marc:datafield tag="260" ind1=" " ind2=" "><marc:subfield code="a">Kandy :</marc:subfield><marc:subfield code="b">Buddhist Publication Society,</marc:subfield><marc:subfield code="c">1996</marc:subfield></marc:datafield><marc:datafield tag="300" ind1=" " ind2=" "><marc:subfield code="a">52 p.</marc:subfield></marc:datafield><marc:datafield tag="490" ind1=" " ind2=" "><marc:subfield code="a">The wheel publication</marc:subfield><marc:subfield code="v">407/408</marc:subfield></marc:datafield><marc:datafield tag="830" ind1=" " ind2=" "><marc:subfield code="a">The wheel publication</marc:subfield></marc:datafield><marc:datafield tag="830" ind1=" " ind2=" "><marc:subfield code="v">407/408</marc:subfield></marc:datafield><marc:datafield tag="942" ind1=" " ind2=" "><marc:subfield code="2">ddc</marc:subfield><marc:subfield code="c">BK</marc:subfield></marc:datafield><marc:datafield tag="952" ind1=" " ind2=" "><marc:subfield code="0">0</marc:subfield><marc:subfield code="1">0</marc:subfield><marc:subfield code="2">ddc</marc:subfield><marc:subfield code="4">0</marc:subfield><marc:subfield code="6">O_2_B_01_08</marc:subfield><marc:subfield code="7">0</marc:subfield><marc:subfield code="9">33</marc:subfield><marc:subfield code="a">bb_ar</marc:subfield><marc:subfield code="b">bb_ar</marc:subfield><marc:subfield code="c">O2</marc:subfield><marc:subfield code="d">2016-09-29</marc:subfield><marc:subfield code="o">O2_B_01_08</marc:subfield><marc:subfield code="r">2016-09-29</marc:subfield><marc:subfield code="t">ej. 1</marc:subfield><marc:subfield code="w">2016-09-29</marc:subfield><marc:subfield code="y">BK</marc:subfield></marc:datafield></marc:record>