
<marc:record><marc:leader>00559nam a2200181Ia 4500</marc:leader>
<marc:datafield tag="999" ind1=" " ind2=" "><marc:subfield code="c">35</marc:subfield><marc:subfield code="d">35</marc:subfield></marc:datafield>
<marc:controlfield tag="003">OSt</marc:controlfield><marc:controlfield tag="005">20170309020601.0</marc:controlfield><marc:controlfield tag="008">160520s9999    xx            000 0 und d</marc:controlfield><marc:datafield tag="020" ind1=" " ind2=" "><marc:subfield code="a">9552400244</marc:subfield></marc:datafield><marc:datafield tag="040" ind1=" " ind2=" "><marc:subfield code="c">bb</marc:subfield></marc:datafield><marc:datafield tag="041" ind1=" " ind2=" "><marc:subfield code="a">english</marc:subfield></marc:datafield><marc:datafield tag="100" ind1="1" ind2=" "><marc:subfield code="a">Piyadassi, Thera</marc:subfield><marc:subfield code="d">1914-1998</marc:subfield></marc:datafield><marc:datafield tag="245" ind1="1" ind2="4"><marc:subfield code="a">The Buddha's ancient path /</marc:subfield><marc:subfield code="c">Thera Piyadassi</marc:subfield></marc:datafield><marc:datafield tag="260" ind1=" " ind2=" "><marc:subfield code="a">Kandy :</marc:subfield><marc:subfield code="b">Buddhist Publication Society,</marc:subfield><marc:subfield code="c">1996imp.</marc:subfield></marc:datafield><marc:datafield tag="300" ind1=" " ind2=" "><marc:subfield code="a">239 p.</marc:subfield></marc:datafield><marc:datafield tag="942" ind1=" " ind2=" "><marc:subfield code="2">ddc</marc:subfield><marc:subfield code="c">BK</marc:subfield></marc:datafield><marc:datafield tag="952" ind1=" " ind2=" "><marc:subfield code="0">0</marc:subfield><marc:subfield code="1">0</marc:subfield><marc:subfield code="2">ddc</marc:subfield><marc:subfield code="4">0</marc:subfield><marc:subfield code="6">O_2_B_01_12</marc:subfield><marc:subfield code="7">0</marc:subfield><marc:subfield code="9">37</marc:subfield><marc:subfield code="a">bb_ar</marc:subfield><marc:subfield code="b">bb_ar</marc:subfield><marc:subfield code="c">O2</marc:subfield><marc:subfield code="d">2016-09-29</marc:subfield><marc:subfield code="o">O2_B_01_12</marc:subfield><marc:subfield code="r">2016-09-29</marc:subfield><marc:subfield code="t">ej.1</marc:subfield><marc:subfield code="w">2016-09-29</marc:subfield><marc:subfield code="y">BK</marc:subfield></marc:datafield></marc:record>