
<marc:record><marc:leader>00665nam a2200157Ia 4500</marc:leader>
<marc:datafield tag="999" ind1=" " ind2=" "><marc:subfield code="c">42</marc:subfield><marc:subfield code="d">42</marc:subfield></marc:datafield>
<marc:controlfield tag="003">OSt</marc:controlfield><marc:controlfield tag="005">20170301084806.0</marc:controlfield><marc:controlfield tag="008">160520s9999    xx            000 0 und d</marc:controlfield><marc:datafield tag="041" ind1=" " ind2=" "><marc:subfield code="a">english</marc:subfield></marc:datafield><marc:datafield tag="100" ind1="1" ind2=" "><marc:subfield code="a">Khantipalo, Bhikkhu</marc:subfield></marc:datafield><marc:datafield tag="245" ind1="1" ind2="0"><marc:subfield code="a">Buddhism explained :</marc:subfield><marc:subfield code="b">an introduction to the teachings of lord Buddha, with reference to the belief in and practice of those teachings and their realization /</marc:subfield><marc:subfield code="c">Bhikkhu Khantipalo</marc:subfield></marc:datafield><marc:datafield tag="260" ind1=" " ind2=" "><marc:subfield code="a">Taipei :</marc:subfield><marc:subfield code="b">The Corporate Body of the Buddha Educational Foundation,</marc:subfield><marc:subfield code="c">[19--]</marc:subfield></marc:datafield><marc:datafield tag="300" ind1=" " ind2=" "><marc:subfield code="a">204 p.</marc:subfield></marc:datafield><marc:datafield tag="942" ind1=" " ind2=" "><marc:subfield code="2">ddc</marc:subfield><marc:subfield code="c">BK</marc:subfield></marc:datafield><marc:datafield tag="952" ind1=" " ind2=" "><marc:subfield code="0">0</marc:subfield><marc:subfield code="1">0</marc:subfield><marc:subfield code="2">ddc</marc:subfield><marc:subfield code="4">0</marc:subfield><marc:subfield code="6">O_2_B_01_19</marc:subfield><marc:subfield code="7">0</marc:subfield><marc:subfield code="9">44</marc:subfield><marc:subfield code="a">bb_ar</marc:subfield><marc:subfield code="b">bb_ar</marc:subfield><marc:subfield code="c">O2</marc:subfield><marc:subfield code="d">2016-09-29</marc:subfield><marc:subfield code="o">O2_B_01_19</marc:subfield><marc:subfield code="r">2016-09-29</marc:subfield><marc:subfield code="t">ej.1</marc:subfield><marc:subfield code="w">2016-09-29</marc:subfield><marc:subfield code="y">BK</marc:subfield></marc:datafield></marc:record>