
<marc:record><marc:leader>00669nam a2200181Ia 4500</marc:leader>
<marc:datafield tag="999" ind1=" " ind2=" "><marc:subfield code="c">56</marc:subfield><marc:subfield code="d">56</marc:subfield></marc:datafield>
<marc:controlfield tag="003">OSt</marc:controlfield><marc:controlfield tag="005">20170301084807.0</marc:controlfield><marc:controlfield tag="008">161007s9999    xx            000 0 und d</marc:controlfield><marc:datafield tag="040" ind1=" " ind2=" "><marc:subfield code="c">Biblioteca Budista</marc:subfield></marc:datafield><marc:datafield tag="041" ind1=" " ind2=" "><marc:subfield code="a">Spanish</marc:subfield></marc:datafield><marc:datafield tag="100" ind1="1" ind2=" "><marc:subfield code="a">Ceñal Lorente, Ramón</marc:subfield></marc:datafield><marc:datafield tag="245" ind1="1" ind2="3"><marc:subfield code="a">La teoría del lenguaje de Carlos Bühler :</marc:subfield><marc:subfield code="b">introducción a la moderna filosofía del lenguaje /</marc:subfield><marc:subfield code="c">Ramón Ceñal Lorente</marc:subfield></marc:datafield><marc:datafield tag="260" ind1=" " ind2=" "><marc:subfield code="b">Consejo Superior de Investigaciones Científicas :</marc:subfield><marc:subfield code="a">Madrid,</marc:subfield><marc:subfield code="c">1941</marc:subfield></marc:datafield><marc:datafield tag="300" ind1=" " ind2=" "><marc:subfield code="a">302 p.</marc:subfield></marc:datafield><marc:datafield tag="490" ind1=" " ind2=" "><marc:subfield code="a">(Serie B ;</marc:subfield><marc:subfield code="v">1)</marc:subfield></marc:datafield><marc:datafield tag="942" ind1=" " ind2=" "><marc:subfield code="c">BK</marc:subfield><marc:subfield code="2">ddc</marc:subfield></marc:datafield><marc:datafield tag="952" ind1=" " ind2=" "><marc:subfield code="0">0</marc:subfield><marc:subfield code="1">0</marc:subfield><marc:subfield code="2">ddc</marc:subfield><marc:subfield code="4">0</marc:subfield><marc:subfield code="6">O_2_XI_03_08</marc:subfield><marc:subfield code="7">0</marc:subfield><marc:subfield code="9">58</marc:subfield><marc:subfield code="a">bb_ar</marc:subfield><marc:subfield code="b">bb_ar</marc:subfield><marc:subfield code="c">O2</marc:subfield><marc:subfield code="d">2016-10-07</marc:subfield><marc:subfield code="o">O2_XI_03_08</marc:subfield><marc:subfield code="r">2016-10-07</marc:subfield><marc:subfield code="t">ej.1</marc:subfield><marc:subfield code="w">2016-10-07</marc:subfield><marc:subfield code="y">BK</marc:subfield></marc:datafield></marc:record>