
<marc:record><marc:leader>00604nam a2200193Ia 4500</marc:leader>
<marc:datafield tag="999" ind1=" " ind2=" "><marc:subfield code="c">76</marc:subfield><marc:subfield code="d">76</marc:subfield></marc:datafield>
<marc:controlfield tag="003">OSt</marc:controlfield><marc:controlfield tag="005">20170301084809.0</marc:controlfield><marc:controlfield tag="008">161010s9999    xx            000 0 und d</marc:controlfield><marc:datafield tag="020" ind1=" " ind2=" "><marc:subfield code="a">3487102684</marc:subfield></marc:datafield><marc:datafield tag="040" ind1=" " ind2=" "><marc:subfield code="c">Biblioteca Budista</marc:subfield></marc:datafield><marc:datafield tag="041" ind1=" " ind2=" "><marc:subfield code="a">fre</marc:subfield></marc:datafield><marc:datafield tag="100" ind1="1" ind2=" "><marc:subfield code="a">Jagu, Amand</marc:subfield></marc:datafield><marc:datafield tag="245" ind1="1" ind2="3"><marc:subfield code="a">La conception grecque de l'homme d'Homère à Platon /</marc:subfield><marc:subfield code="c">Amand Jagu</marc:subfield></marc:datafield><marc:datafield tag="260" ind1=" " ind2=" "><marc:subfield code="b">Georg Olms Verlag :</marc:subfield><marc:subfield code="a">Hildesheim,</marc:subfield><marc:subfield code="c">1997</marc:subfield></marc:datafield><marc:datafield tag="300" ind1=" " ind2=" "><marc:subfield code="a">122 p.</marc:subfield></marc:datafield><marc:datafield tag="490" ind1=" " ind2=" "><marc:subfield code="a">(Europaea memoria)</marc:subfield></marc:datafield><marc:datafield tag="942" ind1=" " ind2=" "><marc:subfield code="c">BK</marc:subfield><marc:subfield code="2">ddc</marc:subfield></marc:datafield><marc:datafield tag="952" ind1=" " ind2=" "><marc:subfield code="0">0</marc:subfield><marc:subfield code="1">0</marc:subfield><marc:subfield code="2">ddc</marc:subfield><marc:subfield code="4">0</marc:subfield><marc:subfield code="6">O_2_XI_06_03</marc:subfield><marc:subfield code="7">0</marc:subfield><marc:subfield code="9">81</marc:subfield><marc:subfield code="a">bb_ar</marc:subfield><marc:subfield code="b">bb_ar</marc:subfield><marc:subfield code="c">O2</marc:subfield><marc:subfield code="d">2016-10-09</marc:subfield><marc:subfield code="o">O2_XI_06_03</marc:subfield><marc:subfield code="r">2016-10-09</marc:subfield><marc:subfield code="t">ej.1</marc:subfield><marc:subfield code="w">2016-10-09</marc:subfield><marc:subfield code="y">BK</marc:subfield></marc:datafield></marc:record>