
<marc:record><marc:leader>00538nam a2200169Ia 4500</marc:leader>
<marc:datafield tag="999" ind1=" " ind2=" "><marc:subfield code="c">85</marc:subfield><marc:subfield code="d">85</marc:subfield></marc:datafield>
<marc:controlfield tag="003">OSt</marc:controlfield><marc:controlfield tag="005">20170301084809.0</marc:controlfield><marc:controlfield tag="008">161010s9999    xx            000 0 und d</marc:controlfield><marc:datafield tag="040" ind1=" " ind2=" "><marc:subfield code="c">Biblioteca Budista</marc:subfield></marc:datafield><marc:datafield tag="041" ind1=" " ind2=" "><marc:subfield code="a">gem</marc:subfield></marc:datafield><marc:datafield tag="100" ind1="1" ind2=" "><marc:subfield code="a">Rhode, Gotthold</marc:subfield></marc:datafield><marc:datafield tag="245" ind1="1" ind2="0"><marc:subfield code="a">Kleine geschichte polens /</marc:subfield><marc:subfield code="c">Gotthold Rhode</marc:subfield></marc:datafield><marc:datafield tag="260" ind1=" " ind2=" "><marc:subfield code="b">Wissenschaftliche Buchgesellschaft :</marc:subfield><marc:subfield code="a">Darmstadt,</marc:subfield><marc:subfield code="c">1965</marc:subfield></marc:datafield><marc:datafield tag="300" ind1=" " ind2=" "><marc:subfield code="a">543 p.</marc:subfield></marc:datafield><marc:datafield tag="942" ind1=" " ind2=" "><marc:subfield code="c">BK</marc:subfield><marc:subfield code="2">ddc</marc:subfield></marc:datafield><marc:datafield tag="952" ind1=" " ind2=" "><marc:subfield code="0">0</marc:subfield><marc:subfield code="1">0</marc:subfield><marc:subfield code="2">ddc</marc:subfield><marc:subfield code="4">0</marc:subfield><marc:subfield code="6">O_2_XI_06_12</marc:subfield><marc:subfield code="7">0</marc:subfield><marc:subfield code="9">90</marc:subfield><marc:subfield code="a">bb_ar</marc:subfield><marc:subfield code="b">bb_ar</marc:subfield><marc:subfield code="c">O2</marc:subfield><marc:subfield code="d">2016-10-09</marc:subfield><marc:subfield code="o">O2_XI_06_12</marc:subfield><marc:subfield code="r">2016-10-09</marc:subfield><marc:subfield code="t">ej.1</marc:subfield><marc:subfield code="w">2016-10-09</marc:subfield><marc:subfield code="y">BK</marc:subfield></marc:datafield></marc:record>