
<marc:record><marc:leader>01026cam a22002651  4500</marc:leader>
<marc:datafield tag="999" ind1=" " ind2=" "><marc:subfield code="c">86</marc:subfield><marc:subfield code="d">86</marc:subfield></marc:datafield>
<marc:controlfield tag="001">4065241</marc:controlfield><marc:controlfield tag="003">OSt</marc:controlfield><marc:controlfield tag="005">20170309021159.0</marc:controlfield><marc:controlfield tag="008">700729s1964    enk      b    000 0 eng  </marc:controlfield><marc:datafield tag="010" ind1=" " ind2=" "><marc:subfield code="a">   68005853 </marc:subfield></marc:datafield><marc:datafield tag="041" ind1="1" ind2=" "><marc:subfield code="a">pli</marc:subfield><marc:subfield code="a">eng</marc:subfield></marc:datafield><marc:datafield tag="050" ind1="0" ind2="0"><marc:subfield code="a">PK4541</marc:subfield><marc:subfield code="b">.P5 no. 35</marc:subfield></marc:datafield><marc:datafield tag="130" ind1=" " ind2=" "><marc:subfield code="a">Peṭakopadesa.</marc:subfield></marc:datafield><marc:datafield tag="245" ind1="1" ind2="4"><marc:subfield code="a">The Piṭaka-disclosure (Peṭakopadeta) according to Kaccāna Thera.</marc:subfield><marc:subfield code="c">Translated from the Pali by Bhikkhu Ñānamoli.</marc:subfield></marc:datafield><marc:datafield tag="260" ind1=" " ind2=" "><marc:subfield code="a">London,</marc:subfield><marc:subfield code="b">Published for the Pali Text Society by Luzac,</marc:subfield><marc:subfield code="c">1964.</marc:subfield></marc:datafield><marc:datafield tag="300" ind1=" " ind2=" "><marc:subfield code="a">xliv, 402 p.</marc:subfield><marc:subfield code="c">23 cm.</marc:subfield></marc:datafield><marc:datafield tag="440" ind1=" " ind2="0"><marc:subfield code="a">UNESCO collection of representative works.</marc:subfield></marc:datafield><marc:datafield tag="490" ind1="1" ind2=" "><marc:subfield code="a">Translation series,</marc:subfield><marc:subfield code="v">35</marc:subfield></marc:datafield><marc:datafield tag="504" ind1=" " ind2=" "><marc:subfield code="a">&quot;List of references to the Peṭakopadesa in some modern works&quot;: p. 402.</marc:subfield></marc:datafield><marc:datafield tag="700" ind1="0" ind2=" "><marc:subfield code="a">Mahākaccāyana.</marc:subfield></marc:datafield><marc:datafield tag="700" ind1="1" ind2=" "><marc:subfield code="a">Ñānamoli, Bhikkhu,</marc:subfield><marc:subfield code="d">-1960,</marc:subfield><marc:subfield code="e">tr.</marc:subfield><marc:subfield code="9">3</marc:subfield></marc:datafield><marc:datafield tag="830" ind1=" " ind2="0"><marc:subfield code="a">Translation series (London, England) ;</marc:subfield><marc:subfield code="v">no. 35.</marc:subfield></marc:datafield><marc:datafield tag="942" ind1=" " ind2=" "><marc:subfield code="2">ddc</marc:subfield><marc:subfield code="c">BK</marc:subfield></marc:datafield><marc:datafield tag="952" ind1=" " ind2=" "><marc:subfield code="0">0</marc:subfield><marc:subfield code="1">0</marc:subfield><marc:subfield code="2">ddc</marc:subfield><marc:subfield code="4">0</marc:subfield><marc:subfield code="6">O_2_XII_01_01</marc:subfield><marc:subfield code="7">0</marc:subfield><marc:subfield code="9">91</marc:subfield><marc:subfield code="a">bb_ar</marc:subfield><marc:subfield code="b">bb_ar</marc:subfield><marc:subfield code="c">O2</marc:subfield><marc:subfield code="d">2016-10-26</marc:subfield><marc:subfield code="o">O2_XII_01_01</marc:subfield><marc:subfield code="r">2016-10-26</marc:subfield><marc:subfield code="t">1</marc:subfield><marc:subfield code="w">2016-10-26</marc:subfield><marc:subfield code="y">BK</marc:subfield></marc:datafield></marc:record>