
<marc:record><marc:leader>00540nam a22001577a 4500</marc:leader>
<marc:datafield tag="999" ind1=" " ind2=" "><marc:subfield code="c">91</marc:subfield><marc:subfield code="d">91</marc:subfield></marc:datafield>
<marc:controlfield tag="003">OSt</marc:controlfield><marc:controlfield tag="005">20170301084810.0</marc:controlfield><marc:controlfield tag="008">161030b        xxu||||| |||| 00| 0 eng d</marc:controlfield><marc:datafield tag="022" ind1=" " ind2=" "><marc:subfield code="a">0-915078-08-2</marc:subfield></marc:datafield><marc:datafield tag="100" ind1="1" ind2=" "><marc:subfield code="a">Che, William Y.</marc:subfield></marc:datafield><marc:datafield tag="245" ind1="1" ind2="2"><marc:subfield code="a">A guide to Tao-Tsang Chi Yao /</marc:subfield><marc:subfield code="c">by William Y. Chen</marc:subfield></marc:datafield><marc:datafield tag="260" ind1=" " ind2=" "><marc:subfield code="a">New York :</marc:subfield><marc:subfield code="b">The Institute for Advanced Studies of World Religions,</marc:subfield><marc:subfield code="c">1987</marc:subfield></marc:datafield><marc:datafield tag="300" ind1=" " ind2=" "><marc:subfield code="a">63 p.</marc:subfield></marc:datafield><marc:datafield tag="942" ind1=" " ind2=" "><marc:subfield code="2">ddc</marc:subfield><marc:subfield code="c">BK</marc:subfield></marc:datafield><marc:datafield tag="952" ind1=" " ind2=" "><marc:subfield code="0">0</marc:subfield><marc:subfield code="1">0</marc:subfield><marc:subfield code="2">ddc</marc:subfield><marc:subfield code="4">0</marc:subfield><marc:subfield code="6">S__XIV_03_02B</marc:subfield><marc:subfield code="7">0</marc:subfield><marc:subfield code="9">96</marc:subfield><marc:subfield code="a">bb_ar</marc:subfield><marc:subfield code="b">bb_ar</marc:subfield><marc:subfield code="c">O2</marc:subfield><marc:subfield code="d">2016-10-30</marc:subfield><marc:subfield code="o">S_XIV_03_02b</marc:subfield><marc:subfield code="r">2016-10-30</marc:subfield><marc:subfield code="t">ej.1</marc:subfield><marc:subfield code="w">2016-10-30</marc:subfield><marc:subfield code="y">BK</marc:subfield></marc:datafield></marc:record>