
<marc:record><marc:leader>00612nam a22001457a 4500</marc:leader>
<marc:datafield tag="999" ind1=" " ind2=" "><marc:subfield code="c">92</marc:subfield><marc:subfield code="d">92</marc:subfield></marc:datafield>
<marc:controlfield tag="003">OSt</marc:controlfield><marc:controlfield tag="005">20170301084810.0</marc:controlfield><marc:controlfield tag="008">161030b        xxu||||| |||| 00| 0 eng d</marc:controlfield><marc:datafield tag="100" ind1="1" ind2=" "><marc:subfield code="a">Lee Yang, Lena</marc:subfield><marc:subfield code="e">comp.</marc:subfield></marc:datafield><marc:datafield tag="245" ind1="1" ind2="2"><marc:subfield code="a">A classified catalogue of chinese books in the Library of the Institute for Advanced Studies of World Religions /</marc:subfield><marc:subfield code="c">compiled by Lena Lee Yang</marc:subfield></marc:datafield><marc:datafield tag="260" ind1=" " ind2=" "><marc:subfield code="a">New York :</marc:subfield><marc:subfield code="b">The Institute for Advanced Studies of World Religions,</marc:subfield><marc:subfield code="c">1981</marc:subfield></marc:datafield><marc:datafield tag="300" ind1=" " ind2=" "><marc:subfield code="a">  v.</marc:subfield></marc:datafield><marc:datafield tag="942" ind1=" " ind2=" "><marc:subfield code="2">ddc</marc:subfield><marc:subfield code="c">BK</marc:subfield></marc:datafield><marc:datafield tag="952" ind1=" " ind2=" "><marc:subfield code="0">0</marc:subfield><marc:subfield code="1">0</marc:subfield><marc:subfield code="2">ddc</marc:subfield><marc:subfield code="4">0</marc:subfield><marc:subfield code="6">O_2_XIV_03_02C</marc:subfield><marc:subfield code="7">0</marc:subfield><marc:subfield code="9">97</marc:subfield><marc:subfield code="a">bb_ar</marc:subfield><marc:subfield code="b">bb_ar</marc:subfield><marc:subfield code="c">O2</marc:subfield><marc:subfield code="d">2016-10-30</marc:subfield><marc:subfield code="h">v.1</marc:subfield><marc:subfield code="o">O2_XIV_03_02c</marc:subfield><marc:subfield code="r">2016-10-30</marc:subfield><marc:subfield code="t">ej.1</marc:subfield><marc:subfield code="w">2016-10-30</marc:subfield><marc:subfield code="y">BK</marc:subfield></marc:datafield></marc:record>