
<marc:record><marc:leader>00524nam a22001697a 4500</marc:leader>
<marc:datafield tag="999" ind1=" " ind2=" "><marc:subfield code="c">107</marc:subfield><marc:subfield code="d">107</marc:subfield></marc:datafield>
<marc:controlfield tag="003">OSt</marc:controlfield><marc:controlfield tag="005">20170301084812.0</marc:controlfield><marc:controlfield tag="008">161106b        xxu||||| |||| 00| 0 eng d</marc:controlfield><marc:datafield tag="041" ind1=" " ind2=" "><marc:subfield code="a">fre</marc:subfield></marc:datafield><marc:datafield tag="100" ind1="1" ind2=" "><marc:subfield code="a">Renou, Louis</marc:subfield></marc:datafield><marc:datafield tag="245" ind1="1" ind2="0"><marc:subfield code="a">Littérature sanskrite /</marc:subfield><marc:subfield code="c">par Louis Renou</marc:subfield></marc:datafield><marc:datafield tag="260" ind1=" " ind2=" "><marc:subfield code="a">Paris :</marc:subfield><marc:subfield code="b">Maisonneuve,</marc:subfield><marc:subfield code="c">1945</marc:subfield></marc:datafield><marc:datafield tag="300" ind1=" " ind2=" "><marc:subfield code="a">160 p.</marc:subfield></marc:datafield><marc:datafield tag="490" ind1=" " ind2=" "><marc:subfield code="a">(Glossaires de l'hindouisme ;</marc:subfield><marc:subfield code="v">5)</marc:subfield></marc:datafield><marc:datafield tag="942" ind1=" " ind2=" "><marc:subfield code="2">ddc</marc:subfield><marc:subfield code="c">BK</marc:subfield></marc:datafield><marc:datafield tag="952" ind1=" " ind2=" "><marc:subfield code="0">0</marc:subfield><marc:subfield code="1">0</marc:subfield><marc:subfield code="2">ddc</marc:subfield><marc:subfield code="4">0</marc:subfield><marc:subfield code="6">S__XIV_03_22</marc:subfield><marc:subfield code="7">0</marc:subfield><marc:subfield code="9">134</marc:subfield><marc:subfield code="a">bb_ar</marc:subfield><marc:subfield code="b">bb_ar</marc:subfield><marc:subfield code="c">S</marc:subfield><marc:subfield code="d">2016-11-06</marc:subfield><marc:subfield code="o">S_XIV_03_22</marc:subfield><marc:subfield code="r">2016-11-06</marc:subfield><marc:subfield code="t">ej.1</marc:subfield><marc:subfield code="w">2016-11-06</marc:subfield><marc:subfield code="y">BK</marc:subfield></marc:datafield></marc:record>