
<marc:record><marc:leader>00694nam a2200193Ia 4500</marc:leader>
<marc:datafield tag="999" ind1=" " ind2=" "><marc:subfield code="c">112</marc:subfield><marc:subfield code="d">112</marc:subfield></marc:datafield>
<marc:controlfield tag="003">OSt</marc:controlfield><marc:controlfield tag="005">20170301084813.0</marc:controlfield><marc:controlfield tag="008">160622s9999    xx            000 0 und d</marc:controlfield><marc:datafield tag="040" ind1=" " ind2=" "><marc:subfield code="a">Biblioteca Budista </marc:subfield></marc:datafield><marc:datafield tag="041" ind1=" " ind2=" "><marc:subfield code="a">ger</marc:subfield></marc:datafield><marc:datafield tag="100" ind1="1" ind2=" "><marc:subfield code="a">Köhler Werbin, Hans</marc:subfield></marc:datafield><marc:datafield tag="245" ind1="1" ind2="0"><marc:subfield code="a">Srad-Dha in der vedischen und altbuddhistischen literatur /</marc:subfield><marc:subfield code="c">Hans Köhler Werbin ; herausgegeben von Klaus L. Janert</marc:subfield></marc:datafield><marc:datafield tag="260" ind1=" " ind2=" "><marc:subfield code="a">Wiesbaden :</marc:subfield><marc:subfield code="b">Franz Steiner Verlag, </marc:subfield><marc:subfield code="c">1973</marc:subfield></marc:datafield><marc:datafield tag="300" ind1=" " ind2=" "><marc:subfield code="a">52 p.</marc:subfield></marc:datafield><marc:datafield tag="490" ind1=" " ind2=" "><marc:subfield code="a">(Glasenapp-Stiftung ;</marc:subfield><marc:subfield code="v">9)</marc:subfield></marc:datafield><marc:datafield tag="700" ind1="1" ind2=" "><marc:subfield code="a">Janert, Klaus L.</marc:subfield><marc:subfield code="e">hrsg.</marc:subfield></marc:datafield><marc:datafield tag="942" ind1=" " ind2=" "><marc:subfield code="2">ddc</marc:subfield><marc:subfield code="c">BK</marc:subfield></marc:datafield><marc:datafield tag="952" ind1=" " ind2=" "><marc:subfield code="0">0</marc:subfield><marc:subfield code="1">0</marc:subfield><marc:subfield code="2">ddc</marc:subfield><marc:subfield code="4">0</marc:subfield><marc:subfield code="6">O_2_XXV_07_07A</marc:subfield><marc:subfield code="7">0</marc:subfield><marc:subfield code="9">139</marc:subfield><marc:subfield code="a">bb_ar</marc:subfield><marc:subfield code="b">bb_ar</marc:subfield><marc:subfield code="c">O2</marc:subfield><marc:subfield code="d">2016-11-11</marc:subfield><marc:subfield code="o">O2_XXV_07_07a</marc:subfield><marc:subfield code="r">2016-11-11</marc:subfield><marc:subfield code="t">ej. 1</marc:subfield><marc:subfield code="w">2016-11-11</marc:subfield><marc:subfield code="y">BK</marc:subfield></marc:datafield></marc:record>