
<marc:record><marc:leader>00628nam a22001697a 4500</marc:leader>
<marc:datafield tag="999" ind1=" " ind2=" "><marc:subfield code="c">122</marc:subfield><marc:subfield code="d">122</marc:subfield></marc:datafield>
<marc:controlfield tag="003">OSt</marc:controlfield><marc:controlfield tag="005">20170301084814.0</marc:controlfield><marc:controlfield tag="008">161112b        xxu||||| |||| 00| 0 eng d</marc:controlfield><marc:datafield tag="041" ind1=" " ind2=" "><marc:subfield code="a">eng</marc:subfield></marc:datafield><marc:datafield tag="100" ind1="1" ind2=" "><marc:subfield code="a">Hiriyanna, M.</marc:subfield></marc:datafield><marc:datafield tag="245" ind1="1" ind2="0"><marc:subfield code="a">Indian philosophical studies /</marc:subfield><marc:subfield code="c">M. Hiriyanna</marc:subfield></marc:datafield><marc:datafield tag="260" ind1=" " ind2=" "><marc:subfield code="a">Mysore :</marc:subfield><marc:subfield code="b">Kavyalaya Publishers,</marc:subfield><marc:subfield code="c">1957-1972</marc:subfield></marc:datafield><marc:datafield tag="300" ind1=" " ind2=" "><marc:subfield code="a">2 v.</marc:subfield></marc:datafield><marc:datafield tag="942" ind1=" " ind2=" "><marc:subfield code="2">ddc</marc:subfield><marc:subfield code="c">BK</marc:subfield></marc:datafield><marc:datafield tag="952" ind1=" " ind2=" "><marc:subfield code="0">0</marc:subfield><marc:subfield code="1">0</marc:subfield><marc:subfield code="2">ddc</marc:subfield><marc:subfield code="4">0</marc:subfield><marc:subfield code="6">S__XIV_04_06</marc:subfield><marc:subfield code="7">0</marc:subfield><marc:subfield code="9">150</marc:subfield><marc:subfield code="a">bb_ar</marc:subfield><marc:subfield code="b">bb_ar</marc:subfield><marc:subfield code="c">S</marc:subfield><marc:subfield code="d">2016-11-12</marc:subfield><marc:subfield code="h">v.2</marc:subfield><marc:subfield code="o">S_XIV_04_06</marc:subfield><marc:subfield code="r">2016-11-12</marc:subfield><marc:subfield code="t">ej.1</marc:subfield><marc:subfield code="w">2016-11-12</marc:subfield><marc:subfield code="y">BK</marc:subfield></marc:datafield><marc:datafield tag="952" ind1=" " ind2=" "><marc:subfield code="0">0</marc:subfield><marc:subfield code="1">0</marc:subfield><marc:subfield code="2">ddc</marc:subfield><marc:subfield code="4">0</marc:subfield><marc:subfield code="6">S__XIV_04_24</marc:subfield><marc:subfield code="7">0</marc:subfield><marc:subfield code="9">151</marc:subfield><marc:subfield code="a">bb_ar</marc:subfield><marc:subfield code="b">bb_ar</marc:subfield><marc:subfield code="c">S</marc:subfield><marc:subfield code="d">2016-11-14</marc:subfield><marc:subfield code="h">v.1</marc:subfield><marc:subfield code="o">S_XIV_04_24</marc:subfield><marc:subfield code="r">2016-11-14</marc:subfield><marc:subfield code="t">ej.1</marc:subfield><marc:subfield code="w">2016-11-14</marc:subfield><marc:subfield code="y">BK</marc:subfield></marc:datafield></marc:record>