
<marc:record><marc:leader>00704nam a22001937a 4500</marc:leader>
<marc:datafield tag="999" ind1=" " ind2=" "><marc:subfield code="c">124</marc:subfield><marc:subfield code="d">124</marc:subfield></marc:datafield>
<marc:controlfield tag="003">OSt</marc:controlfield><marc:controlfield tag="005">20170301084814.0</marc:controlfield><marc:controlfield tag="008">161113b        xxu||||| |||| 00| 0 eng d</marc:controlfield><marc:datafield tag="041" ind1=" " ind2=" "><marc:subfield code="a">eng</marc:subfield></marc:datafield><marc:datafield tag="100" ind1="1" ind2=" "><marc:subfield code="a">Rinpoche, Samdhong</marc:subfield><marc:subfield code="e">ed.</marc:subfield></marc:datafield><marc:datafield tag="245" ind1="1" ind2="0"><marc:subfield code="a">Madhyamika dialectic and the philosophy of Nagarjuna /</marc:subfield><marc:subfield code="c">editor Samdhong Rinpoche ; associated editor C. Mani</marc:subfield></marc:datafield><marc:datafield tag="260" ind1=" " ind2=" "><marc:subfield code="a">Sarnath :</marc:subfield><marc:subfield code="b">Central Institute of Higher Tibetan Studies,</marc:subfield><marc:subfield code="c">1977</marc:subfield></marc:datafield><marc:datafield tag="300" ind1=" " ind2=" "><marc:subfield code="a">233 p.</marc:subfield></marc:datafield><marc:datafield tag="500" ind1=" " ind2=" "><marc:subfield code="a">With an introduction by T. R. V. Murti.</marc:subfield></marc:datafield><marc:datafield tag="700" ind1="1" ind2=" "><marc:subfield code="a">Mani, C.</marc:subfield><marc:subfield code="e">ed.</marc:subfield></marc:datafield><marc:datafield tag="700" ind1="1" ind2=" "><marc:subfield code="a">Murti, T. R. V.</marc:subfield></marc:datafield><marc:datafield tag="942" ind1=" " ind2=" "><marc:subfield code="2">ddc</marc:subfield><marc:subfield code="c">BK</marc:subfield></marc:datafield><marc:datafield tag="952" ind1=" " ind2=" "><marc:subfield code="0">0</marc:subfield><marc:subfield code="1">0</marc:subfield><marc:subfield code="2">ddc</marc:subfield><marc:subfield code="4">0</marc:subfield><marc:subfield code="6">S__XIV_04_11</marc:subfield><marc:subfield code="7">0</marc:subfield><marc:subfield code="9">156</marc:subfield><marc:subfield code="a">bb_ar</marc:subfield><marc:subfield code="b">bb_ar</marc:subfield><marc:subfield code="c">S</marc:subfield><marc:subfield code="d">2016-11-13</marc:subfield><marc:subfield code="o">S_XIV_04_11</marc:subfield><marc:subfield code="r">2016-11-13</marc:subfield><marc:subfield code="t">ej.1</marc:subfield><marc:subfield code="w">2016-11-13</marc:subfield><marc:subfield code="y">BK</marc:subfield></marc:datafield></marc:record>