
<marc:record><marc:leader>01377nam a22002297a 4500</marc:leader>
<marc:datafield tag="999" ind1=" " ind2=" "><marc:subfield code="c">126</marc:subfield><marc:subfield code="d">126</marc:subfield></marc:datafield>
<marc:controlfield tag="003">OSt</marc:controlfield><marc:controlfield tag="005">20170301084814.0</marc:controlfield><marc:controlfield tag="008">161113b        xxu||||| |||| 00| 0 eng d</marc:controlfield><marc:datafield tag="041" ind1=" " ind2=" "><marc:subfield code="a">fre</marc:subfield></marc:datafield><marc:datafield tag="100" ind1="1" ind2=" "><marc:subfield code="a">Barth, Auguste</marc:subfield></marc:datafield><marc:datafield tag="245" ind1="1" ind2="0"><marc:subfield code="a">Oeuvres de Auguste Barth :</marc:subfield><marc:subfield code="b">recueillies à l'occasion de son quatre-vingtième anniversaire /</marc:subfield><marc:subfield code="c">Auguste Barth</marc:subfield></marc:datafield><marc:datafield tag="260" ind1=" " ind2=" "><marc:subfield code="a">Paris :</marc:subfield><marc:subfield code="b">Ernest Leroux,</marc:subfield><marc:subfield code="c">1914-1927</marc:subfield></marc:datafield><marc:datafield tag="300" ind1=" " ind2=" "><marc:subfield code="a">5 v.</marc:subfield></marc:datafield><marc:datafield tag="490" ind1=" " ind2=" "><marc:subfield code="a">(Quarante ans d'indianisme)</marc:subfield></marc:datafield><marc:datafield tag="505" ind1=" " ind2=" "><marc:subfield code="a">Contenido: v.1: Les religions de l'Inde et Bulletins des religions de l'Inde (1880-1885).-- v.2: Bulletins des religions de l'Inde (1889-1902).-- v.3: Comptes rendus et notices (1872-1886).-- v.4: Comptes rendus et notices (1887-1898).</marc:subfield></marc:datafield><marc:datafield tag="942" ind1=" " ind2=" "><marc:subfield code="2">ddc</marc:subfield><marc:subfield code="c">BK</marc:subfield></marc:datafield><marc:datafield tag="952" ind1=" " ind2=" "><marc:subfield code="0">0</marc:subfield><marc:subfield code="1">0</marc:subfield><marc:subfield code="2">ddc</marc:subfield><marc:subfield code="4">0</marc:subfield><marc:subfield code="6">S__XIV_04_13</marc:subfield><marc:subfield code="7">0</marc:subfield><marc:subfield code="9">158</marc:subfield><marc:subfield code="a">bb_ar</marc:subfield><marc:subfield code="b">bb_ar</marc:subfield><marc:subfield code="c">S</marc:subfield><marc:subfield code="d">2016-11-13</marc:subfield><marc:subfield code="h">v.1</marc:subfield><marc:subfield code="o">S_XIV_04_13</marc:subfield><marc:subfield code="r">2016-11-13</marc:subfield><marc:subfield code="t">ej.1</marc:subfield><marc:subfield code="w">2016-11-13</marc:subfield><marc:subfield code="y">BK</marc:subfield></marc:datafield><marc:datafield tag="952" ind1=" " ind2=" "><marc:subfield code="0">0</marc:subfield><marc:subfield code="1">0</marc:subfield><marc:subfield code="2">ddc</marc:subfield><marc:subfield code="4">0</marc:subfield><marc:subfield code="6">S__XIV_04_14</marc:subfield><marc:subfield code="7">0</marc:subfield><marc:subfield code="9">159</marc:subfield><marc:subfield code="a">bb_ar</marc:subfield><marc:subfield code="b">bb_ar</marc:subfield><marc:subfield code="c">S</marc:subfield><marc:subfield code="d">2016-11-13</marc:subfield><marc:subfield code="h">v.2</marc:subfield><marc:subfield code="o">S_XIV_04_14</marc:subfield><marc:subfield code="r">2016-11-13</marc:subfield><marc:subfield code="t">ej.1</marc:subfield><marc:subfield code="w">2016-11-13</marc:subfield><marc:subfield code="y">BK</marc:subfield></marc:datafield><marc:datafield tag="952" ind1=" " ind2=" "><marc:subfield code="0">0</marc:subfield><marc:subfield code="1">0</marc:subfield><marc:subfield code="2">ddc</marc:subfield><marc:subfield code="4">0</marc:subfield><marc:subfield code="6">S__XIV_04_15</marc:subfield><marc:subfield code="7">0</marc:subfield><marc:subfield code="9">160</marc:subfield><marc:subfield code="a">bb_ar</marc:subfield><marc:subfield code="b">bb_ar</marc:subfield><marc:subfield code="c">S</marc:subfield><marc:subfield code="d">2016-11-13</marc:subfield><marc:subfield code="h">v.3</marc:subfield><marc:subfield code="o">S_XIV_04_15</marc:subfield><marc:subfield code="r">2016-11-13</marc:subfield><marc:subfield code="t">ej.1</marc:subfield><marc:subfield code="w">2016-11-13</marc:subfield><marc:subfield code="y">BK</marc:subfield></marc:datafield><marc:datafield tag="952" ind1=" " ind2=" "><marc:subfield code="0">0</marc:subfield><marc:subfield code="1">0</marc:subfield><marc:subfield code="2">ddc</marc:subfield><marc:subfield code="4">0</marc:subfield><marc:subfield code="6">S__XIV_04_16</marc:subfield><marc:subfield code="7">0</marc:subfield><marc:subfield code="9">161</marc:subfield><marc:subfield code="a">bb_ar</marc:subfield><marc:subfield code="b">bb_ar</marc:subfield><marc:subfield code="c">S</marc:subfield><marc:subfield code="d">2016-11-13</marc:subfield><marc:subfield code="h">v.4</marc:subfield><marc:subfield code="o">S_XIV_04_16</marc:subfield><marc:subfield code="r">2016-11-13</marc:subfield><marc:subfield code="t">ej.1</marc:subfield><marc:subfield code="w">2016-11-13</marc:subfield><marc:subfield code="y">BK</marc:subfield></marc:datafield><marc:datafield tag="952" ind1=" " ind2=" "><marc:subfield code="0">0</marc:subfield><marc:subfield code="1">0</marc:subfield><marc:subfield code="2">ddc</marc:subfield><marc:subfield code="4">0</marc:subfield><marc:subfield code="6">S__XIV_04_17</marc:subfield><marc:subfield code="7">0</marc:subfield><marc:subfield code="9">162</marc:subfield><marc:subfield code="a">bb_ar</marc:subfield><marc:subfield code="b">bb_ar</marc:subfield><marc:subfield code="c">S</marc:subfield><marc:subfield code="d">2016-11-13</marc:subfield><marc:subfield code="h">v.5</marc:subfield><marc:subfield code="o">S_XIV_04_17</marc:subfield><marc:subfield code="r">2016-11-13</marc:subfield><marc:subfield code="t">ej.1</marc:subfield><marc:subfield code="w">2016-11-13</marc:subfield><marc:subfield code="y">BK</marc:subfield></marc:datafield></marc:record>