
<marc:record><marc:leader>00401nam a22001337a 4500</marc:leader>
<marc:datafield tag="999" ind1=" " ind2=" "><marc:subfield code="c">130</marc:subfield><marc:subfield code="d">130</marc:subfield></marc:datafield>
<marc:controlfield tag="003">OSt</marc:controlfield><marc:controlfield tag="005">20170324020429.0</marc:controlfield><marc:controlfield tag="008">161114b        xxu||||| |||| 00| 0 eng d</marc:controlfield><marc:datafield tag="100" ind1="1" ind2=" "><marc:subfield code="a">Lamotte, E.</marc:subfield><marc:subfield code="9">4</marc:subfield></marc:datafield><marc:datafield tag="245" ind1="1" ind2="0"><marc:subfield code="a">[Kleine schriften] /</marc:subfield><marc:subfield code="c">E. Lamotte</marc:subfield></marc:datafield><marc:datafield tag="300" ind1=" " ind2=" "><marc:subfield code="a">  v.</marc:subfield></marc:datafield><marc:datafield tag="942" ind1=" " ind2=" "><marc:subfield code="2">ddc</marc:subfield><marc:subfield code="c">BK</marc:subfield></marc:datafield><marc:datafield tag="952" ind1=" " ind2=" "><marc:subfield code="0">0</marc:subfield><marc:subfield code="1">0</marc:subfield><marc:subfield code="2">ddc</marc:subfield><marc:subfield code="4">0</marc:subfield><marc:subfield code="6">S__XIV_04_22</marc:subfield><marc:subfield code="7">0</marc:subfield><marc:subfield code="9">166</marc:subfield><marc:subfield code="a">bb_ar</marc:subfield><marc:subfield code="b">bb_ar</marc:subfield><marc:subfield code="c">S</marc:subfield><marc:subfield code="d">2016-11-14</marc:subfield><marc:subfield code="o">S_XIV_04_22</marc:subfield><marc:subfield code="r">2016-11-14</marc:subfield><marc:subfield code="t">ej.1</marc:subfield><marc:subfield code="w">2016-11-14</marc:subfield><marc:subfield code="y">BK</marc:subfield></marc:datafield></marc:record>