
<marc:record><marc:leader>01073nam a2200205Ia 4500</marc:leader>
<marc:datafield tag="999" ind1=" " ind2=" "><marc:subfield code="c">138</marc:subfield><marc:subfield code="d">138</marc:subfield></marc:datafield>
<marc:controlfield tag="003">OSt</marc:controlfield><marc:controlfield tag="005">20170301084815.0</marc:controlfield><marc:controlfield tag="008">160622s9999    xx            000 0 und d</marc:controlfield><marc:datafield tag="041" ind1=" " ind2=" "><marc:subfield code="a">eng</marc:subfield></marc:datafield><marc:datafield tag="100" ind1="1" ind2=" "><marc:subfield code="a">Dasgupta, Surendranath</marc:subfield></marc:datafield><marc:datafield tag="245" ind1="1" ind2="2"><marc:subfield code="a">A history of indian philosophy /</marc:subfield><marc:subfield code="c">Surendranath Dasgupta</marc:subfield></marc:datafield><marc:datafield tag="260" ind1=" " ind2=" "><marc:subfield code="a">Cambridge :</marc:subfield><marc:subfield code="b">Cambridge University Press,</marc:subfield><marc:subfield code="c">1962-1966</marc:subfield></marc:datafield><marc:datafield tag="300" ind1=" " ind2=" "><marc:subfield code="a">5 v.</marc:subfield></marc:datafield><marc:datafield tag="942" ind1=" " ind2=" "><marc:subfield code="2">ddc</marc:subfield><marc:subfield code="c">BK</marc:subfield></marc:datafield><marc:datafield tag="952" ind1=" " ind2=" "><marc:subfield code="0">0</marc:subfield><marc:subfield code="1">0</marc:subfield><marc:subfield code="2">ddc</marc:subfield><marc:subfield code="4">0</marc:subfield><marc:subfield code="6">O_2_XXV_07_11</marc:subfield><marc:subfield code="7">0</marc:subfield><marc:subfield code="9">175</marc:subfield><marc:subfield code="a">bb_ar</marc:subfield><marc:subfield code="b">bb_ar</marc:subfield><marc:subfield code="c">O2</marc:subfield><marc:subfield code="d">2016-11-17</marc:subfield><marc:subfield code="h">v.1</marc:subfield><marc:subfield code="o">O2_XXV_07_11</marc:subfield><marc:subfield code="r">2016-11-17</marc:subfield><marc:subfield code="t">ej.1 </marc:subfield><marc:subfield code="w">2016-11-17</marc:subfield><marc:subfield code="y">BK</marc:subfield></marc:datafield><marc:datafield tag="952" ind1=" " ind2=" "><marc:subfield code="0">0</marc:subfield><marc:subfield code="1">0</marc:subfield><marc:subfield code="2">ddc</marc:subfield><marc:subfield code="4">0</marc:subfield><marc:subfield code="6">O_2_XXV_07_12</marc:subfield><marc:subfield code="7">0</marc:subfield><marc:subfield code="9">176</marc:subfield><marc:subfield code="a">bb_ar</marc:subfield><marc:subfield code="b">bb_ar</marc:subfield><marc:subfield code="c">O2</marc:subfield><marc:subfield code="d">2016-11-17</marc:subfield><marc:subfield code="h">v.2</marc:subfield><marc:subfield code="o">O2_XXV_07_12</marc:subfield><marc:subfield code="r">2016-11-17</marc:subfield><marc:subfield code="t">ej.1 </marc:subfield><marc:subfield code="w">2016-11-17</marc:subfield><marc:subfield code="y">BK</marc:subfield></marc:datafield><marc:datafield tag="952" ind1=" " ind2=" "><marc:subfield code="0">0</marc:subfield><marc:subfield code="1">0</marc:subfield><marc:subfield code="2">ddc</marc:subfield><marc:subfield code="4">0</marc:subfield><marc:subfield code="6">O_2_XXV_07_13</marc:subfield><marc:subfield code="7">0</marc:subfield><marc:subfield code="9">177</marc:subfield><marc:subfield code="a">bb_ar</marc:subfield><marc:subfield code="b">bb_ar</marc:subfield><marc:subfield code="c">O2</marc:subfield><marc:subfield code="d">2016-11-17</marc:subfield><marc:subfield code="h">v.3</marc:subfield><marc:subfield code="o">O2_XXV_07_13</marc:subfield><marc:subfield code="r">2016-11-17</marc:subfield><marc:subfield code="t">ej.1 </marc:subfield><marc:subfield code="w">2016-11-17</marc:subfield><marc:subfield code="y">BK</marc:subfield></marc:datafield><marc:datafield tag="952" ind1=" " ind2=" "><marc:subfield code="0">0</marc:subfield><marc:subfield code="1">0</marc:subfield><marc:subfield code="2">ddc</marc:subfield><marc:subfield code="4">0</marc:subfield><marc:subfield code="6">O_2_XXV_07_14</marc:subfield><marc:subfield code="7">0</marc:subfield><marc:subfield code="9">178</marc:subfield><marc:subfield code="a">bb_ar</marc:subfield><marc:subfield code="b">bb_ar</marc:subfield><marc:subfield code="c">O2</marc:subfield><marc:subfield code="d">2016-11-17</marc:subfield><marc:subfield code="h">v.4</marc:subfield><marc:subfield code="o">O2_XXV_07_14</marc:subfield><marc:subfield code="r">2016-11-17</marc:subfield><marc:subfield code="t">ej.1 </marc:subfield><marc:subfield code="w">2016-11-17</marc:subfield><marc:subfield code="y">BK</marc:subfield></marc:datafield><marc:datafield tag="952" ind1=" " ind2=" "><marc:subfield code="0">0</marc:subfield><marc:subfield code="1">0</marc:subfield><marc:subfield code="2">ddc</marc:subfield><marc:subfield code="4">0</marc:subfield><marc:subfield code="6">O_2_XXV_07_15</marc:subfield><marc:subfield code="7">0</marc:subfield><marc:subfield code="9">179</marc:subfield><marc:subfield code="a">bb_ar</marc:subfield><marc:subfield code="b">bb_ar</marc:subfield><marc:subfield code="c">O2</marc:subfield><marc:subfield code="d">2016-11-17</marc:subfield><marc:subfield code="h">v.5</marc:subfield><marc:subfield code="o">O2_XXV_07_15</marc:subfield><marc:subfield code="r">2016-11-17</marc:subfield><marc:subfield code="t">ej.1 </marc:subfield><marc:subfield code="w">2016-11-17</marc:subfield><marc:subfield code="y">BK</marc:subfield></marc:datafield></marc:record>