
<marc:record><marc:leader>00570nam a2200169Ia 4500</marc:leader>
<marc:datafield tag="999" ind1=" " ind2=" "><marc:subfield code="c">142</marc:subfield><marc:subfield code="d">142</marc:subfield></marc:datafield>
<marc:controlfield tag="003">OSt</marc:controlfield><marc:controlfield tag="005">20170301084816.0</marc:controlfield><marc:controlfield tag="008">160622s9999    xx            000 0 und d</marc:controlfield><marc:datafield tag="020" ind1=" " ind2=" "><marc:subfield code="a">2846540365</marc:subfield></marc:datafield><marc:datafield tag="041" ind1=" " ind2=" "><marc:subfield code="a">fre</marc:subfield></marc:datafield><marc:datafield tag="100" ind1="1" ind2=" "><marc:subfield code="a">De Give, Bernard</marc:subfield></marc:datafield><marc:datafield tag="245" ind1="1" ind2="4"><marc:subfield code="a">Les rapports de l'Inde et de l'Occident :</marc:subfield><marc:subfield code="b">des origines au règner d'Asoka /</marc:subfield><marc:subfield code="c">Bernard De Give </marc:subfield></marc:datafield><marc:datafield tag="260" ind1=" " ind2=" "><marc:subfield code="a">Paris :</marc:subfield><marc:subfield code="b">Les Indes Savantes, </marc:subfield><marc:subfield code="c">2005</marc:subfield></marc:datafield><marc:datafield tag="300" ind1=" " ind2=" "><marc:subfield code="a">360 p.</marc:subfield></marc:datafield><marc:datafield tag="942" ind1=" " ind2=" "><marc:subfield code="2">ddc</marc:subfield><marc:subfield code="c">BK</marc:subfield></marc:datafield><marc:datafield tag="952" ind1=" " ind2=" "><marc:subfield code="0">0</marc:subfield><marc:subfield code="1">0</marc:subfield><marc:subfield code="2">ddc</marc:subfield><marc:subfield code="4">0</marc:subfield><marc:subfield code="6">O_2_XXV_07_20</marc:subfield><marc:subfield code="7">0</marc:subfield><marc:subfield code="9">183</marc:subfield><marc:subfield code="a">bb_ar</marc:subfield><marc:subfield code="b">bb_ar</marc:subfield><marc:subfield code="c">O2</marc:subfield><marc:subfield code="d">2016-11-17</marc:subfield><marc:subfield code="o">O2_XXV_07_20</marc:subfield><marc:subfield code="r">2016-11-17</marc:subfield><marc:subfield code="t">ej.1 </marc:subfield><marc:subfield code="w">2016-11-17</marc:subfield><marc:subfield code="y">BK</marc:subfield></marc:datafield></marc:record>