
<marc:record><marc:leader>00843nam a22002177a 4500</marc:leader>
<marc:datafield tag="999" ind1=" " ind2=" "><marc:subfield code="c">155</marc:subfield><marc:subfield code="d">155</marc:subfield></marc:datafield>
<marc:controlfield tag="003">OSt</marc:controlfield><marc:controlfield tag="005">20170301084817.0</marc:controlfield><marc:controlfield tag="008">161126b        xxu||||| |||| 00| 0 eng d</marc:controlfield><marc:datafield tag="245" ind1="0" ind2="0"><marc:subfield code="a">A. R. Wadia :</marc:subfield><marc:subfield code="b">essays in philosophy presented in his honour /</marc:subfield><marc:subfield code="c">editors S. Radhakrishnan...[et al.]</marc:subfield></marc:datafield><marc:datafield tag="260" ind1=" " ind2=" "><marc:subfield code="a">Madras :</marc:subfield><marc:subfield code="b">G. S. Press,</marc:subfield><marc:subfield code="c">1954</marc:subfield></marc:datafield><marc:datafield tag="300" ind1=" " ind2=" "><marc:subfield code="a">364 p.</marc:subfield></marc:datafield><marc:datafield tag="500" ind1=" " ind2=" "><marc:subfield code="a">Autores: &quot;S. Radhakrishnan, A. C. Ewing, Paul Arthur Schilpp, T. M. P. Mahadevan, Charles A. Moore, N. A. Nikam&quot;.</marc:subfield></marc:datafield><marc:datafield tag="700" ind1="1" ind2=" "><marc:subfield code="a">Radhakrishnan, S.</marc:subfield><marc:subfield code="e">ed.</marc:subfield></marc:datafield><marc:datafield tag="700" ind1="1" ind2=" "><marc:subfield code="a">Ewing, A. C.</marc:subfield><marc:subfield code="e">ed.</marc:subfield></marc:datafield><marc:datafield tag="700" ind1="1" ind2=" "><marc:subfield code="a">Schilpp, Paul Arthur</marc:subfield><marc:subfield code="e">ed.</marc:subfield></marc:datafield><marc:datafield tag="700" ind1="1" ind2=" "><marc:subfield code="a">Mahadevan, T. M. P.</marc:subfield><marc:subfield code="e">ed.</marc:subfield></marc:datafield><marc:datafield tag="700" ind1="1" ind2=" "><marc:subfield code="a">Moore, Charles A. </marc:subfield><marc:subfield code="e">ed.</marc:subfield></marc:datafield><marc:datafield tag="700" ind1="1" ind2=" "><marc:subfield code="a">Nikam, N. A.</marc:subfield><marc:subfield code="e">ed.</marc:subfield></marc:datafield><marc:datafield tag="942" ind1=" " ind2=" "><marc:subfield code="2">ddc</marc:subfield><marc:subfield code="c">BK</marc:subfield></marc:datafield><marc:datafield tag="952" ind1=" " ind2=" "><marc:subfield code="0">0</marc:subfield><marc:subfield code="1">0</marc:subfield><marc:subfield code="2">ddc</marc:subfield><marc:subfield code="4">0</marc:subfield><marc:subfield code="6">S__XIV_05_08</marc:subfield><marc:subfield code="7">0</marc:subfield><marc:subfield code="9">196</marc:subfield><marc:subfield code="a">bb_ar</marc:subfield><marc:subfield code="b">bb_ar</marc:subfield><marc:subfield code="c">S</marc:subfield><marc:subfield code="d">2016-11-26</marc:subfield><marc:subfield code="o">S_XIV_05_08</marc:subfield><marc:subfield code="r">2016-11-26</marc:subfield><marc:subfield code="t">ej.1</marc:subfield><marc:subfield code="w">2016-11-26</marc:subfield><marc:subfield code="y">BK</marc:subfield></marc:datafield></marc:record>