
<marc:record><marc:leader>00635nam a22001817a 4500</marc:leader>
<marc:datafield tag="999" ind1=" " ind2=" "><marc:subfield code="c">156</marc:subfield><marc:subfield code="d">156</marc:subfield></marc:datafield>
<marc:controlfield tag="003">OSt</marc:controlfield><marc:controlfield tag="005">20170301084817.0</marc:controlfield><marc:controlfield tag="008">161126b        xxu||||| |||| 00| 0 eng d</marc:controlfield><marc:datafield tag="020" ind1=" " ind2=" "><marc:subfield code="a">8170310223</marc:subfield></marc:datafield><marc:datafield tag="041" ind1=" " ind2=" "><marc:subfield code="a">eng</marc:subfield></marc:datafield><marc:datafield tag="100" ind1="1" ind2=" "><marc:subfield code="a">Gupta, S. K.</marc:subfield><marc:subfield code="e">ed.</marc:subfield></marc:datafield><marc:datafield tag="245" ind1="1" ind2="0"><marc:subfield code="a">Insights into buddhism :</marc:subfield><marc:subfield code="b">selected essays on buddhist, philosophy, art and history /</marc:subfield><marc:subfield code="c">edited by S. K. Gupta</marc:subfield></marc:datafield><marc:datafield tag="260" ind1=" " ind2=" "><marc:subfield code="a">Delhi :</marc:subfield><marc:subfield code="b">Sri Satguru Publications,</marc:subfield><marc:subfield code="c">1986</marc:subfield></marc:datafield><marc:datafield tag="300" ind1=" " ind2=" "><marc:subfield code="a">205 p.</marc:subfield></marc:datafield><marc:datafield tag="490" ind1=" " ind2=" "><marc:subfield code="a">(Bibliotheca indo-buddhica ;</marc:subfield><marc:subfield code="v">11)</marc:subfield></marc:datafield><marc:datafield tag="942" ind1=" " ind2=" "><marc:subfield code="2">ddc</marc:subfield><marc:subfield code="c">BK</marc:subfield></marc:datafield><marc:datafield tag="952" ind1=" " ind2=" "><marc:subfield code="0">0</marc:subfield><marc:subfield code="1">0</marc:subfield><marc:subfield code="2">ddc</marc:subfield><marc:subfield code="4">0</marc:subfield><marc:subfield code="6">S__XIV_05_09</marc:subfield><marc:subfield code="7">0</marc:subfield><marc:subfield code="9">197</marc:subfield><marc:subfield code="a">bb_ar</marc:subfield><marc:subfield code="b">bb_ar</marc:subfield><marc:subfield code="c">S</marc:subfield><marc:subfield code="d">2016-11-26</marc:subfield><marc:subfield code="o">S_XIV_05_09</marc:subfield><marc:subfield code="r">2016-11-26</marc:subfield><marc:subfield code="t">ej.1</marc:subfield><marc:subfield code="w">2016-11-26</marc:subfield><marc:subfield code="y">BK</marc:subfield></marc:datafield></marc:record>