
<marc:record><marc:leader>00540nam a22001577a 4500</marc:leader>
<marc:datafield tag="999" ind1=" " ind2=" "><marc:subfield code="c">157</marc:subfield><marc:subfield code="d">157</marc:subfield></marc:datafield>
<marc:controlfield tag="003">OSt</marc:controlfield><marc:controlfield tag="005">20170301084817.0</marc:controlfield><marc:controlfield tag="008">161126b        xxu||||| |||| 00| 0 eng d</marc:controlfield><marc:datafield tag="041" ind1=" " ind2=" "><marc:subfield code="a">eng</marc:subfield></marc:datafield><marc:datafield tag="100" ind1="1" ind2=" "><marc:subfield code="a">Mukherjee, S. N.</marc:subfield><marc:subfield code="e">ed.</marc:subfield></marc:datafield><marc:datafield tag="245" ind1="1" ind2="0"><marc:subfield code="a">India : history and thought  :</marc:subfield><marc:subfield code="b">essays in honour of A. L. Basham /</marc:subfield><marc:subfield code="c">edited by S. N. Mukherjee</marc:subfield></marc:datafield><marc:datafield tag="260" ind1=" " ind2=" "><marc:subfield code="a">Calcutta :</marc:subfield><marc:subfield code="b">Subarnarekha,</marc:subfield><marc:subfield code="c">c1982</marc:subfield></marc:datafield><marc:datafield tag="300" ind1=" " ind2=" "><marc:subfield code="a">331 p.</marc:subfield></marc:datafield><marc:datafield tag="942" ind1=" " ind2=" "><marc:subfield code="2">ddc</marc:subfield><marc:subfield code="c">BK</marc:subfield></marc:datafield><marc:datafield tag="952" ind1=" " ind2=" "><marc:subfield code="0">0</marc:subfield><marc:subfield code="1">0</marc:subfield><marc:subfield code="2">ddc</marc:subfield><marc:subfield code="4">0</marc:subfield><marc:subfield code="6">S__XIV_05_10</marc:subfield><marc:subfield code="7">0</marc:subfield><marc:subfield code="9">198</marc:subfield><marc:subfield code="a">bb_ar</marc:subfield><marc:subfield code="b">bb_ar</marc:subfield><marc:subfield code="c">S</marc:subfield><marc:subfield code="d">2016-11-26</marc:subfield><marc:subfield code="o">S_XIV_05_10</marc:subfield><marc:subfield code="r">2016-11-26</marc:subfield><marc:subfield code="t">ej.1</marc:subfield><marc:subfield code="w">2016-11-26</marc:subfield><marc:subfield code="y">BK</marc:subfield></marc:datafield></marc:record>