
<marc:record><marc:leader>00638nam a22001937a 4500</marc:leader>
<marc:datafield tag="999" ind1=" " ind2=" "><marc:subfield code="c">158</marc:subfield><marc:subfield code="d">158</marc:subfield></marc:datafield>
<marc:controlfield tag="003">OSt</marc:controlfield><marc:controlfield tag="005">20170301084817.0</marc:controlfield><marc:controlfield tag="008">161126b        xxu||||| |||| 00| 0 eng d</marc:controlfield><marc:datafield tag="020" ind1=" " ind2=" "><marc:subfield code="a">0895810417</marc:subfield></marc:datafield><marc:datafield tag="041" ind1=" " ind2=" "><marc:subfield code="a">eng</marc:subfield></marc:datafield><marc:datafield tag="100" ind1="1" ind2=" "><marc:subfield code="a">Wayman, Alex</marc:subfield></marc:datafield><marc:datafield tag="245" ind1="1" ind2="0"><marc:subfield code="a">Buddhist insight /</marc:subfield><marc:subfield code="c">essays by Alex Wayman ; edited and introduced by George R. Elder</marc:subfield></marc:datafield><marc:datafield tag="260" ind1=" " ind2=" "><marc:subfield code="a">Delhi :</marc:subfield><marc:subfield code="b">Motilal Banarsidass,</marc:subfield><marc:subfield code="c">1984</marc:subfield></marc:datafield><marc:datafield tag="300" ind1=" " ind2=" "><marc:subfield code="a">470 p.</marc:subfield></marc:datafield><marc:datafield tag="490" ind1=" " ind2=" "><marc:subfield code="a">(Religions of Asia series ;</marc:subfield><marc:subfield code="v">5)</marc:subfield></marc:datafield><marc:datafield tag="700" ind1="1" ind2=" "><marc:subfield code="a">Elder, George R.</marc:subfield><marc:subfield code="e">ed.</marc:subfield></marc:datafield><marc:datafield tag="942" ind1=" " ind2=" "><marc:subfield code="2">ddc</marc:subfield><marc:subfield code="c">BK</marc:subfield></marc:datafield><marc:datafield tag="952" ind1=" " ind2=" "><marc:subfield code="0">0</marc:subfield><marc:subfield code="1">0</marc:subfield><marc:subfield code="2">ddc</marc:subfield><marc:subfield code="4">0</marc:subfield><marc:subfield code="6">S__XIV_05_11</marc:subfield><marc:subfield code="7">0</marc:subfield><marc:subfield code="9">199</marc:subfield><marc:subfield code="a">bb_ar</marc:subfield><marc:subfield code="b">bb_ar</marc:subfield><marc:subfield code="c">S</marc:subfield><marc:subfield code="d">2016-11-26</marc:subfield><marc:subfield code="o">S_XIV_05_11</marc:subfield><marc:subfield code="r">2016-11-26</marc:subfield><marc:subfield code="t">ej.1</marc:subfield><marc:subfield code="w">2016-11-26</marc:subfield><marc:subfield code="y">BK</marc:subfield></marc:datafield></marc:record>