
<marc:record><marc:leader>00717nam a22001937a 4500</marc:leader>
<marc:datafield tag="999" ind1=" " ind2=" "><marc:subfield code="c">171</marc:subfield><marc:subfield code="d">171</marc:subfield></marc:datafield>
<marc:controlfield tag="003">OSt</marc:controlfield><marc:controlfield tag="005">20170301084818.0</marc:controlfield><marc:controlfield tag="008">161208b        xxu||||| |||| 00| 0 eng d</marc:controlfield><marc:datafield tag="020" ind1=" " ind2=" "><marc:subfield code="a">8170301920</marc:subfield></marc:datafield><marc:datafield tag="041" ind1=" " ind2=" "><marc:subfield code="a">eng</marc:subfield></marc:datafield><marc:datafield tag="100" ind1="1" ind2=" "><marc:subfield code="a">Matilal, Bimal Krishna</marc:subfield><marc:subfield code="e">ed.</marc:subfield></marc:datafield><marc:datafield tag="245" ind1="1" ind2="0"><marc:subfield code="a">Sanskrit and related studies :</marc:subfield><marc:subfield code="b">contemporary researches and reflections /</marc:subfield><marc:subfield code="c">editors: Bimal Krishna Matilal &amp; Purusottama Bilimoria</marc:subfield></marc:datafield><marc:datafield tag="260" ind1=" " ind2=" "><marc:subfield code="a">Delhi :</marc:subfield><marc:subfield code="b">Sri Satguru Publications,</marc:subfield><marc:subfield code="c">1990</marc:subfield></marc:datafield><marc:datafield tag="300" ind1=" " ind2=" "><marc:subfield code="a">176 p.</marc:subfield></marc:datafield><marc:datafield tag="490" ind1=" " ind2=" "><marc:subfield code="a">(Sri Garib Dass oriental series ;</marc:subfield><marc:subfield code="v">84)</marc:subfield></marc:datafield><marc:datafield tag="700" ind1="1" ind2=" "><marc:subfield code="a">Bilimoria, Purusottama </marc:subfield><marc:subfield code="e">ed.</marc:subfield></marc:datafield><marc:datafield tag="942" ind1=" " ind2=" "><marc:subfield code="2">ddc</marc:subfield><marc:subfield code="c">BK</marc:subfield></marc:datafield><marc:datafield tag="952" ind1=" " ind2=" "><marc:subfield code="0">0</marc:subfield><marc:subfield code="1">0</marc:subfield><marc:subfield code="2">ddc</marc:subfield><marc:subfield code="4">0</marc:subfield><marc:subfield code="6">S__XIV_05_25</marc:subfield><marc:subfield code="7">0</marc:subfield><marc:subfield code="9">214</marc:subfield><marc:subfield code="a">bb_ar</marc:subfield><marc:subfield code="b">bb_ar</marc:subfield><marc:subfield code="c">S</marc:subfield><marc:subfield code="d">2016-12-08</marc:subfield><marc:subfield code="o">S_XIV_05_25</marc:subfield><marc:subfield code="r">2016-12-08</marc:subfield><marc:subfield code="t">ej.1</marc:subfield><marc:subfield code="w">2016-12-08</marc:subfield><marc:subfield code="y">BK</marc:subfield></marc:datafield></marc:record>