
<marc:record><marc:leader>00693nam a22001937a 4500</marc:leader>
<marc:datafield tag="999" ind1=" " ind2=" "><marc:subfield code="c">180</marc:subfield><marc:subfield code="d">180</marc:subfield></marc:datafield>
<marc:controlfield tag="003">OSt</marc:controlfield><marc:controlfield tag="005">20170301084819.0</marc:controlfield><marc:controlfield tag="008">161210b        xxu||||| |||| 00| 0 eng d</marc:controlfield><marc:datafield tag="020" ind1=" " ind2=" "><marc:subfield code="a">8120807618</marc:subfield></marc:datafield><marc:datafield tag="041" ind1=" " ind2=" "><marc:subfield code="a">eng</marc:subfield></marc:datafield><marc:datafield tag="100" ind1="1" ind2=" "><marc:subfield code="a">Régamey, Konstanty</marc:subfield></marc:datafield><marc:datafield tag="245" ind1="1" ind2="4"><marc:subfield code="a">The Bhadramayakaravyakarana /</marc:subfield><marc:subfield code="c">introduction, tibetan text, translation and notes by Konstanty Régamey ; foreword by Jacques May</marc:subfield></marc:datafield><marc:datafield tag="260" ind1=" " ind2=" "><marc:subfield code="a">Delhi :</marc:subfield><marc:subfield code="b">Motilal Banarsidass,</marc:subfield><marc:subfield code="c">1990</marc:subfield></marc:datafield><marc:datafield tag="300" ind1=" " ind2=" "><marc:subfield code="a">185 p.</marc:subfield></marc:datafield><marc:datafield tag="546" ind1=" " ind2=" "><marc:subfield code="a">Edición bilingüe tibetano-inglés.</marc:subfield></marc:datafield><marc:datafield tag="700" ind1="1" ind2=" "><marc:subfield code="a">May, Jacques </marc:subfield><marc:subfield code="e">prol.</marc:subfield></marc:datafield><marc:datafield tag="942" ind1=" " ind2=" "><marc:subfield code="2">ddc</marc:subfield><marc:subfield code="c">BK</marc:subfield></marc:datafield><marc:datafield tag="952" ind1=" " ind2=" "><marc:subfield code="0">0</marc:subfield><marc:subfield code="1">0</marc:subfield><marc:subfield code="2">ddc</marc:subfield><marc:subfield code="4">0</marc:subfield><marc:subfield code="6">S__XIV_06_02</marc:subfield><marc:subfield code="7">0</marc:subfield><marc:subfield code="9">224</marc:subfield><marc:subfield code="a">bb_ar</marc:subfield><marc:subfield code="b">bb_ar</marc:subfield><marc:subfield code="c">S</marc:subfield><marc:subfield code="d">2016-12-10</marc:subfield><marc:subfield code="o">S_XIV_06_02</marc:subfield><marc:subfield code="r">2016-12-10</marc:subfield><marc:subfield code="t">ej.1</marc:subfield><marc:subfield code="w">2016-12-10</marc:subfield><marc:subfield code="y">BK</marc:subfield></marc:datafield></marc:record>