
<marc:record><marc:leader>00732nam a22001817a 4500</marc:leader>
<marc:datafield tag="999" ind1=" " ind2=" "><marc:subfield code="c">183</marc:subfield><marc:subfield code="d">183</marc:subfield></marc:datafield>
<marc:controlfield tag="003">OSt</marc:controlfield><marc:controlfield tag="005">20170301084819.0</marc:controlfield><marc:controlfield tag="008">161210b        xxu||||| |||| 00| 0 eng d</marc:controlfield><marc:datafield tag="041" ind1=" " ind2=" "><marc:subfield code="a">san</marc:subfield></marc:datafield><marc:datafield tag="100" ind1="1" ind2=" "><marc:subfield code="a">Shastri, Mahamahopadhyaya Haraprasad</marc:subfield><marc:subfield code="e">ed.</marc:subfield></marc:datafield><marc:datafield tag="245" ind1="1" ind2="0"><marc:subfield code="a">Six buddhist Nyaya tracts in sanskrit /</marc:subfield><marc:subfield code="c">edited by Mahamahopadhyaya Haraprasad Shastri</marc:subfield></marc:datafield><marc:datafield tag="260" ind1=" " ind2=" "><marc:subfield code="a">Calcutta :</marc:subfield><marc:subfield code="b">The Asiatic Society,</marc:subfield><marc:subfield code="c">1989</marc:subfield></marc:datafield><marc:datafield tag="300" ind1=" " ind2=" "><marc:subfield code="a">[118] p.</marc:subfield></marc:datafield><marc:datafield tag="490" ind1=" " ind2=" "><marc:subfield code="a">(Bibliotheca indica ;</marc:subfield><marc:subfield code="v">185)</marc:subfield></marc:datafield><marc:datafield tag="942" ind1=" " ind2=" "><marc:subfield code="2">ddc</marc:subfield><marc:subfield code="c">BK</marc:subfield></marc:datafield><marc:datafield tag="952" ind1=" " ind2=" "><marc:subfield code="0">0</marc:subfield><marc:subfield code="1">0</marc:subfield><marc:subfield code="2">ddc</marc:subfield><marc:subfield code="4">0</marc:subfield><marc:subfield code="6">S__XIV_06_05</marc:subfield><marc:subfield code="7">0</marc:subfield><marc:subfield code="9">227</marc:subfield><marc:subfield code="a">bb_ar</marc:subfield><marc:subfield code="b">bb_ar</marc:subfield><marc:subfield code="c">S</marc:subfield><marc:subfield code="d">2016-12-10</marc:subfield><marc:subfield code="o">S_XIV_06_05</marc:subfield><marc:subfield code="r">2016-12-10</marc:subfield><marc:subfield code="t">ej.1</marc:subfield><marc:subfield code="w">2016-12-10</marc:subfield><marc:subfield code="y">BK</marc:subfield></marc:datafield><marc:datafield tag="952" ind1=" " ind2=" "><marc:subfield code="0">0</marc:subfield><marc:subfield code="1">0</marc:subfield><marc:subfield code="2">ddc</marc:subfield><marc:subfield code="4">0</marc:subfield><marc:subfield code="6">S__XIV_06_08</marc:subfield><marc:subfield code="7">0</marc:subfield><marc:subfield code="9">228</marc:subfield><marc:subfield code="a">bb_ar</marc:subfield><marc:subfield code="b">bb_ar</marc:subfield><marc:subfield code="c">S</marc:subfield><marc:subfield code="d">2016-12-10</marc:subfield><marc:subfield code="o">S_XIV_06_08</marc:subfield><marc:subfield code="r">2016-12-10</marc:subfield><marc:subfield code="t">ej.2</marc:subfield><marc:subfield code="w">2016-12-10</marc:subfield><marc:subfield code="y">BK</marc:subfield></marc:datafield></marc:record>