
<marc:record><marc:leader>00628nam a22001697a 4500</marc:leader>
<marc:datafield tag="999" ind1=" " ind2=" "><marc:subfield code="c">186</marc:subfield><marc:subfield code="d">186</marc:subfield></marc:datafield>
<marc:controlfield tag="003">OSt</marc:controlfield><marc:controlfield tag="005">20170301084819.0</marc:controlfield><marc:controlfield tag="008">161227b        xxu||||| |||| 00| 0 eng d</marc:controlfield><marc:datafield tag="100" ind1="1" ind2=" "><marc:subfield code="a">Gnoli, G.</marc:subfield></marc:datafield><marc:datafield tag="245" ind1="1" ind2="0"><marc:subfield code="a">Estrato da Orientalia Iosephi Tucci memoriae dicata /</marc:subfield><marc:subfield code="c">edenda curaverunt G. Gnoli et L. Lanciotti</marc:subfield></marc:datafield><marc:datafield tag="260" ind1=" " ind2=" "><marc:subfield code="a">Roma :</marc:subfield><marc:subfield code="b">Istituto Italiano per il Medio ed Estremo Oriente,</marc:subfield><marc:subfield code="c">1985</marc:subfield></marc:datafield><marc:datafield tag="300" ind1=" " ind2=" "><marc:subfield code="a">56 p.</marc:subfield></marc:datafield><marc:datafield tag="490" ind1=" " ind2=" "><marc:subfield code="a">Orientale Roma ;</marc:subfield><marc:subfield code="v">56, 1</marc:subfield></marc:datafield><marc:datafield tag="700" ind1="1" ind2=" "><marc:subfield code="a">Lanciotti, L.</marc:subfield></marc:datafield><marc:datafield tag="942" ind1=" " ind2=" "><marc:subfield code="2">ddc</marc:subfield><marc:subfield code="c">BK</marc:subfield></marc:datafield><marc:datafield tag="952" ind1=" " ind2=" "><marc:subfield code="0">0</marc:subfield><marc:subfield code="1">0</marc:subfield><marc:subfield code="2">ddc</marc:subfield><marc:subfield code="4">0</marc:subfield><marc:subfield code="6">S_XIV_4_000000000000000_18A</marc:subfield><marc:subfield code="7">0</marc:subfield><marc:subfield code="9">231</marc:subfield><marc:subfield code="a">bb_ar</marc:subfield><marc:subfield code="b">bb_ar</marc:subfield><marc:subfield code="c">S</marc:subfield><marc:subfield code="d">2016-12-27</marc:subfield><marc:subfield code="o">S XIV 4 18a</marc:subfield><marc:subfield code="r">2016-12-27</marc:subfield><marc:subfield code="t">ej.1</marc:subfield><marc:subfield code="w">2016-12-27</marc:subfield><marc:subfield code="y">BK</marc:subfield></marc:datafield></marc:record>