
<marc:record><marc:leader>00819nam a22002057a 4500</marc:leader>
<marc:datafield tag="999" ind1=" " ind2=" "><marc:subfield code="c">187</marc:subfield><marc:subfield code="d">187</marc:subfield></marc:datafield>
<marc:controlfield tag="003">OSt</marc:controlfield><marc:controlfield tag="005">20170301084819.0</marc:controlfield><marc:controlfield tag="008">161227b        xxu||||| |||| 00| 0 eng d</marc:controlfield><marc:datafield tag="041" ind1=" " ind2=" "><marc:subfield code="a">eng</marc:subfield></marc:datafield><marc:datafield tag="245" ind1="0" ind2="0"><marc:subfield code="a">Reprinted from Indological and buddhist studies :</marc:subfield><marc:subfield code="b">volume in honour of Professor J. W. de Jong on his sixtieth birthday /</marc:subfield><marc:subfield code="c">edited by L. A. Hercus...[et al.]</marc:subfield></marc:datafield><marc:datafield tag="260" ind1=" " ind2=" "><marc:subfield code="a">Canberra :</marc:subfield><marc:subfield code="b">Faculty of Asian Studies,</marc:subfield><marc:subfield code="c">1982</marc:subfield></marc:datafield><marc:datafield tag="300" ind1=" " ind2=" "><marc:subfield code="a">59 p.</marc:subfield></marc:datafield><marc:datafield tag="500" ind1=" " ind2=" "><marc:subfield code="a">Autores: &quot;L. A. Hercus, F. B. J. Kuiper, T. Rajapatirana, E. R. Skrzypczak&quot;.</marc:subfield></marc:datafield><marc:datafield tag="700" ind1="1" ind2=" "><marc:subfield code="a">Hercus, L. A.</marc:subfield><marc:subfield code="e">ed.</marc:subfield></marc:datafield><marc:datafield tag="700" ind1="1" ind2=" "><marc:subfield code="a">Kuiper, F. B. J.</marc:subfield><marc:subfield code="e">ed.</marc:subfield></marc:datafield><marc:datafield tag="700" ind1="1" ind2=" "><marc:subfield code="a">Rajapatirana, T.</marc:subfield><marc:subfield code="e">ed.</marc:subfield></marc:datafield><marc:datafield tag="700" ind1="1" ind2=" "><marc:subfield code="a">Skrzypczak, E.R.</marc:subfield><marc:subfield code="e">ed.</marc:subfield></marc:datafield><marc:datafield tag="942" ind1=" " ind2=" "><marc:subfield code="2">ddc</marc:subfield><marc:subfield code="c">BK</marc:subfield></marc:datafield><marc:datafield tag="952" ind1=" " ind2=" "><marc:subfield code="0">0</marc:subfield><marc:subfield code="1">0</marc:subfield><marc:subfield code="2">ddc</marc:subfield><marc:subfield code="4">0</marc:subfield><marc:subfield code="6">S__XIV_04_18B</marc:subfield><marc:subfield code="7">0</marc:subfield><marc:subfield code="9">232</marc:subfield><marc:subfield code="a">bb_ar</marc:subfield><marc:subfield code="b">bb_ar</marc:subfield><marc:subfield code="c">S</marc:subfield><marc:subfield code="d">2016-12-27</marc:subfield><marc:subfield code="o">S_XIV_04_18b</marc:subfield><marc:subfield code="r">2016-12-27</marc:subfield><marc:subfield code="t">ej.1</marc:subfield><marc:subfield code="w">2016-12-27</marc:subfield><marc:subfield code="y">BK</marc:subfield></marc:datafield></marc:record>