
<marc:record><marc:leader>00573nam a22001577a 4500</marc:leader>
<marc:datafield tag="999" ind1=" " ind2=" "><marc:subfield code="c">188</marc:subfield><marc:subfield code="d">188</marc:subfield></marc:datafield>
<marc:controlfield tag="003">OSt</marc:controlfield><marc:controlfield tag="005">20170324020801.0</marc:controlfield><marc:controlfield tag="008">161227b        xxu||||| |||| 00| 0 eng d</marc:controlfield><marc:datafield tag="041" ind1=" " ind2=" "><marc:subfield code="a">fre</marc:subfield></marc:datafield><marc:datafield tag="245" ind1="0" ind2="0"><marc:subfield code="a">Indianisme et bouddhisme :</marc:subfield><marc:subfield code="b">mélanges offerts à Mgr. Étienne Lamotte</marc:subfield></marc:datafield><marc:datafield tag="260" ind1=" " ind2=" "><marc:subfield code="a">Louvain :</marc:subfield><marc:subfield code="b">Université Catholique d Louvain,</marc:subfield><marc:subfield code="c">1980</marc:subfield></marc:datafield><marc:datafield tag="300" ind1=" " ind2=" "><marc:subfield code="a">18 p.</marc:subfield></marc:datafield><marc:datafield tag="490" ind1=" " ind2=" "><marc:subfield code="a">(Publications de l'Institut Orientaliste de Louvain ;</marc:subfield><marc:subfield code="v">23)</marc:subfield></marc:datafield><marc:datafield tag="942" ind1=" " ind2=" "><marc:subfield code="2">ddc</marc:subfield><marc:subfield code="c">BK</marc:subfield></marc:datafield><marc:datafield tag="952" ind1=" " ind2=" "><marc:subfield code="0">0</marc:subfield><marc:subfield code="1">0</marc:subfield><marc:subfield code="2">ddc</marc:subfield><marc:subfield code="4">0</marc:subfield><marc:subfield code="6">S__XIV_04_18C</marc:subfield><marc:subfield code="7">0</marc:subfield><marc:subfield code="9">233</marc:subfield><marc:subfield code="a">bb_ar</marc:subfield><marc:subfield code="b">bb_ar</marc:subfield><marc:subfield code="c">S</marc:subfield><marc:subfield code="d">2016-12-27</marc:subfield><marc:subfield code="o">S_XIV_04_18c</marc:subfield><marc:subfield code="r">2016-12-27</marc:subfield><marc:subfield code="t">ej.1</marc:subfield><marc:subfield code="w">2016-12-27</marc:subfield><marc:subfield code="y">BK</marc:subfield></marc:datafield></marc:record>