
<marc:record><marc:leader>01087nam a22001697a 4500</marc:leader>
<marc:datafield tag="999" ind1=" " ind2=" "><marc:subfield code="c">191</marc:subfield><marc:subfield code="d">191</marc:subfield></marc:datafield>
<marc:controlfield tag="003">OSt</marc:controlfield><marc:controlfield tag="005">20170301084821.0</marc:controlfield><marc:controlfield tag="008">161230b        xxu||||| |||| 00| 0 eng d</marc:controlfield><marc:datafield tag="041" ind1=" " ind2=" "><marc:subfield code="a">gem</marc:subfield></marc:datafield><marc:datafield tag="100" ind1="1" ind2=" "><marc:subfield code="a">Hinüber, O. von</marc:subfield></marc:datafield><marc:datafield tag="245" ind1="1" ind2="0"><marc:subfield code="a">Kleine schriften /</marc:subfield><marc:subfield code="c">O. von Hinüber</marc:subfield></marc:datafield><marc:datafield tag="260" ind1=" " ind2=" "><marc:subfield code="a">[s.l.] :</marc:subfield><marc:subfield code="b">[s.n.],</marc:subfield><marc:subfield code="c">[19--]</marc:subfield></marc:datafield><marc:datafield tag="300" ind1=" " ind2=" "><marc:subfield code="a">  v.</marc:subfield></marc:datafield><marc:datafield tag="505" ind1=" " ind2=" "><marc:subfield code="a">Contenido: Vedisch nivate und pali nivatake;  Pali ulloka; Zeitschrift für vergleichende sprachforschung; Sprachliche beobachtungen zum aufbau des pali-kanons; Eine karmavacana-sammlung aus Gilgit; Die &quot;dreifache&quot; wirkung des karma; Zur geschichte des sprachnamens pali; Zur technologie der zuckerherstellung im alten Indien; Das nandyavarta-symbol; Zu einigen felsinschriften in Brahma aus Nord Pakistan; Pali philology and the tibetan translation of buddhist texts: two examples (pacuta, sota); Probleme der technikgeschichte im alten Indien; The Gilgit Samghatasutra in the S.P.S. Museum, Srinagar.</marc:subfield></marc:datafield><marc:datafield tag="942" ind1=" " ind2=" "><marc:subfield code="2">ddc</marc:subfield><marc:subfield code="c">BK</marc:subfield></marc:datafield><marc:datafield tag="952" ind1=" " ind2=" "><marc:subfield code="0">0</marc:subfield><marc:subfield code="1">0</marc:subfield><marc:subfield code="2">ddc</marc:subfield><marc:subfield code="4">0</marc:subfield><marc:subfield code="6">S__XIV_05_32</marc:subfield><marc:subfield code="7">0</marc:subfield><marc:subfield code="9">250</marc:subfield><marc:subfield code="a">bb_ar</marc:subfield><marc:subfield code="b">bb_ar</marc:subfield><marc:subfield code="c">S</marc:subfield><marc:subfield code="d">2016-12-30</marc:subfield><marc:subfield code="o">S_XIV_05_32</marc:subfield><marc:subfield code="r">2016-12-30</marc:subfield><marc:subfield code="t">ej.1</marc:subfield><marc:subfield code="w">2016-12-30</marc:subfield><marc:subfield code="y">BK</marc:subfield></marc:datafield></marc:record>