
<marc:record><marc:leader>00969nam a22002057a 4500</marc:leader>
<marc:datafield tag="999" ind1=" " ind2=" "><marc:subfield code="c">196</marc:subfield><marc:subfield code="d">196</marc:subfield></marc:datafield>
<marc:controlfield tag="003">OSt</marc:controlfield><marc:controlfield tag="005">20170301084821.0</marc:controlfield><marc:controlfield tag="008">170106b        xxu||||| |||| 00| 0 eng d</marc:controlfield><marc:datafield tag="020" ind1=" " ind2=" "><marc:subfield code="a">091354602X</marc:subfield></marc:datafield><marc:datafield tag="041" ind1=" " ind2=" "><marc:subfield code="a">eng</marc:subfield></marc:datafield><marc:datafield tag="100" ind1="1" ind2=" "><marc:subfield code="a">Tulku, Tarthang</marc:subfield><marc:subfield code="e">tr.</marc:subfield></marc:datafield><marc:datafield tag="245" ind1="1" ind2="0"><marc:subfield code="a">Calm and clear =</marc:subfield><marc:subfield code="b">Mi-pham'Jam-dbyangs rnam-gyal rgya-mtsho /</marc:subfield><marc:subfield code="c">translated from the tibetan with commentary by Tarthang Tulku ; foreword by Herbert V. Guenther</marc:subfield></marc:datafield><marc:datafield tag="260" ind1=" " ind2=" "><marc:subfield code="a">California :</marc:subfield><marc:subfield code="b">Dharma Publishing,</marc:subfield><marc:subfield code="c">1973</marc:subfield></marc:datafield><marc:datafield tag="300" ind1=" " ind2=" "><marc:subfield code="a">123 p.</marc:subfield></marc:datafield><marc:datafield tag="490" ind1=" " ind2=" "><marc:subfield code="a">(Tibetan translation series ;</marc:subfield><marc:subfield code="v">1)</marc:subfield></marc:datafield><marc:datafield tag="501" ind1=" " ind2=" "><marc:subfield code="a">Con: The Wheel of analytic meditation : sems-kyi dpyod-pa rnam-par sbyong-ba so-sor brtag-pa'i dpyad sgom 'khor-lo-ma zhes bya-ba bzhugs-so.-- Instructions on vision in the middle way: Dbu-ma'i lta khrid zab-mo bzhugs-so.</marc:subfield></marc:datafield><marc:datafield tag="700" ind1="1" ind2=" "><marc:subfield code="a">Guenther, Herbert V. </marc:subfield><marc:subfield code="e">prol.</marc:subfield></marc:datafield><marc:datafield tag="942" ind1=" " ind2=" "><marc:subfield code="2">ddc</marc:subfield><marc:subfield code="c">BK</marc:subfield></marc:datafield><marc:datafield tag="952" ind1=" " ind2=" "><marc:subfield code="0">0</marc:subfield><marc:subfield code="1">0</marc:subfield><marc:subfield code="2">ddc</marc:subfield><marc:subfield code="4">0</marc:subfield><marc:subfield code="6">S__XIV_06_30</marc:subfield><marc:subfield code="7">0</marc:subfield><marc:subfield code="9">255</marc:subfield><marc:subfield code="a">bb_ar</marc:subfield><marc:subfield code="b">bb_ar</marc:subfield><marc:subfield code="c">S</marc:subfield><marc:subfield code="d">2017-01-06</marc:subfield><marc:subfield code="o">S_XIV_06_30</marc:subfield><marc:subfield code="r">2017-01-06</marc:subfield><marc:subfield code="t">ej.1</marc:subfield><marc:subfield code="w">2017-01-06</marc:subfield><marc:subfield code="y">BK</marc:subfield></marc:datafield></marc:record>