
<marc:record><marc:leader>00817nam a22001817a 4500</marc:leader>
<marc:datafield tag="999" ind1=" " ind2=" "><marc:subfield code="c">200</marc:subfield><marc:subfield code="d">200</marc:subfield></marc:datafield>
<marc:controlfield tag="003">OSt</marc:controlfield><marc:controlfield tag="005">20170301084822.0</marc:controlfield><marc:controlfield tag="008">170106b        xxu||||| |||| 00| 0 eng d</marc:controlfield><marc:datafield tag="041" ind1=" " ind2=" "><marc:subfield code="a">spa</marc:subfield></marc:datafield><marc:datafield tag="100" ind1="1" ind2=" "><marc:subfield code="a">Dzau, Dzan</marc:subfield><marc:subfield code="e">tr.</marc:subfield></marc:datafield><marc:datafield tag="245" ind1="1" ind2="0"><marc:subfield code="a">Palabra de Buda :</marc:subfield><marc:subfield code="b">tres sutras del budismo mahayana utilizados en las prácticas de los templos budistas chinos /</marc:subfield><marc:subfield code="c">traducidos del chino al español por Bhikshuni Dzau Dzan, Fernando Tola y Carmen Dragonetti</marc:subfield></marc:datafield><marc:datafield tag="260" ind1=" " ind2=" "><marc:subfield code="a">Buenos Aires :</marc:subfield><marc:subfield code="b">Asociación Budista China en Argentina :</marc:subfield><marc:subfield code="b">Templo Tzong Kuan :</marc:subfield><marc:subfield code="b">Fundación Instituto de Estudios Budistas,</marc:subfield><marc:subfield code="c">1996</marc:subfield></marc:datafield><marc:datafield tag="300" ind1=" " ind2=" "><marc:subfield code="a">76 p.</marc:subfield></marc:datafield><marc:datafield tag="700" ind1="1" ind2=" "><marc:subfield code="a">Tola, Fernando</marc:subfield><marc:subfield code="e">tr.</marc:subfield></marc:datafield><marc:datafield tag="700" ind1="1" ind2=" "><marc:subfield code="a">Dragonetti, Carmen</marc:subfield><marc:subfield code="e">tr.</marc:subfield></marc:datafield><marc:datafield tag="942" ind1=" " ind2=" "><marc:subfield code="2">ddc</marc:subfield><marc:subfield code="c">BK</marc:subfield></marc:datafield><marc:datafield tag="952" ind1=" " ind2=" "><marc:subfield code="0">0</marc:subfield><marc:subfield code="1">0</marc:subfield><marc:subfield code="2">ddc</marc:subfield><marc:subfield code="4">0</marc:subfield><marc:subfield code="6">S__XIV_06_34</marc:subfield><marc:subfield code="7">0</marc:subfield><marc:subfield code="9">259</marc:subfield><marc:subfield code="a">bb_ar</marc:subfield><marc:subfield code="b">bb_ar</marc:subfield><marc:subfield code="c">S</marc:subfield><marc:subfield code="d">2017-01-06</marc:subfield><marc:subfield code="o">S_XIV_06_34</marc:subfield><marc:subfield code="r">2017-01-06</marc:subfield><marc:subfield code="t">ej.1</marc:subfield><marc:subfield code="w">2017-01-06</marc:subfield><marc:subfield code="y">BK</marc:subfield></marc:datafield></marc:record>