
<marc:record><marc:leader>00683nam a22001457a 4500</marc:leader>
<marc:datafield tag="999" ind1=" " ind2=" "><marc:subfield code="c">205</marc:subfield><marc:subfield code="d">205</marc:subfield></marc:datafield>
<marc:controlfield tag="003">OSt</marc:controlfield><marc:controlfield tag="005">20170301084822.0</marc:controlfield><marc:controlfield tag="008">170114b        xxu||||| |||| 00| 0 eng d</marc:controlfield><marc:datafield tag="041" ind1=" " ind2=" "><marc:subfield code="a">spa</marc:subfield></marc:datafield><marc:datafield tag="245" ind1="0" ind2="0"><marc:subfield code="a">Sutra Shurangama :</marc:subfield><marc:subfield code="b">sutra del más importante Shurangama del Gran Summit del discernimiento de la Secreta Causa de la Práctica del Así Venido, su certificación para el completo significado de la práctica por miríadas de los bodisatvas</marc:subfield></marc:datafield><marc:datafield tag="260" ind1=" " ind2=" "><marc:subfield code="a">Buenos Aires :</marc:subfield><marc:subfield code="b">Asociación Budista China en la Argentina,</marc:subfield><marc:subfield code="c">1989</marc:subfield></marc:datafield><marc:datafield tag="300" ind1=" " ind2=" "><marc:subfield code="a">  v.</marc:subfield></marc:datafield><marc:datafield tag="942" ind1=" " ind2=" "><marc:subfield code="2">ddc</marc:subfield><marc:subfield code="c">BK</marc:subfield></marc:datafield><marc:datafield tag="952" ind1=" " ind2=" "><marc:subfield code="0">0</marc:subfield><marc:subfield code="1">0</marc:subfield><marc:subfield code="2">ddc</marc:subfield><marc:subfield code="4">0</marc:subfield><marc:subfield code="6">S__XIV_06_40</marc:subfield><marc:subfield code="7">0</marc:subfield><marc:subfield code="9">265</marc:subfield><marc:subfield code="a">bb_ar</marc:subfield><marc:subfield code="b">bb_ar</marc:subfield><marc:subfield code="c">S</marc:subfield><marc:subfield code="d">2017-01-14</marc:subfield><marc:subfield code="h">v.1</marc:subfield><marc:subfield code="o">S_XIV_06_40</marc:subfield><marc:subfield code="r">2017-01-14</marc:subfield><marc:subfield code="t">ej.1</marc:subfield><marc:subfield code="w">2017-01-14</marc:subfield><marc:subfield code="y">BK</marc:subfield></marc:datafield></marc:record>