
<marc:record><marc:leader>00594nam a22001697a 4500</marc:leader>
<marc:datafield tag="999" ind1=" " ind2=" "><marc:subfield code="c">206</marc:subfield><marc:subfield code="d">206</marc:subfield></marc:datafield>
<marc:controlfield tag="003">OSt</marc:controlfield><marc:controlfield tag="005">20170301084822.0</marc:controlfield><marc:controlfield tag="008">170114b        xxu||||| |||| 00| 0 eng d</marc:controlfield><marc:datafield tag="020" ind1=" " ind2=" "><marc:subfield code="a">9504324215</marc:subfield></marc:datafield><marc:datafield tag="041" ind1=" " ind2=" "><marc:subfield code="a">spa</marc:subfield></marc:datafield><marc:datafield tag="100" ind1="1" ind2=" "><marc:subfield code="a">Chen Chin Wen</marc:subfield><marc:subfield code="e">tr.</marc:subfield></marc:datafield><marc:datafield tag="245" ind1="1" ind2="3"><marc:subfield code="a">La llama de la inteligencia /</marc:subfield><marc:subfield code="c">traducción directa del chino al castellano de Chen Chin Wen</marc:subfield></marc:datafield><marc:datafield tag="260" ind1=" " ind2=" "><marc:subfield code="a">Buenos Aires :</marc:subfield><marc:subfield code="b">Asociación Budista China en la Argentina,</marc:subfield><marc:subfield code="c">1989</marc:subfield></marc:datafield><marc:datafield tag="300" ind1=" " ind2=" "><marc:subfield code="a">186 p.</marc:subfield></marc:datafield><marc:datafield tag="942" ind1=" " ind2=" "><marc:subfield code="2">ddc</marc:subfield><marc:subfield code="c">BK</marc:subfield></marc:datafield><marc:datafield tag="952" ind1=" " ind2=" "><marc:subfield code="0">0</marc:subfield><marc:subfield code="1">0</marc:subfield><marc:subfield code="2">ddc</marc:subfield><marc:subfield code="4">0</marc:subfield><marc:subfield code="6">S__XIV_06_41</marc:subfield><marc:subfield code="7">0</marc:subfield><marc:subfield code="9">266</marc:subfield><marc:subfield code="a">bb_ar</marc:subfield><marc:subfield code="b">bb_ar</marc:subfield><marc:subfield code="c">S</marc:subfield><marc:subfield code="d">2017-01-14</marc:subfield><marc:subfield code="o">S_XIV_06_41</marc:subfield><marc:subfield code="r">2017-01-14</marc:subfield><marc:subfield code="t">ej.1</marc:subfield><marc:subfield code="w">2017-01-14</marc:subfield><marc:subfield code="y">BK</marc:subfield></marc:datafield></marc:record>