
<marc:record><marc:leader>01273cam a2200277   4500</marc:leader>
<marc:datafield tag="999" ind1=" " ind2=" "><marc:subfield code="c">212</marc:subfield><marc:subfield code="d">212</marc:subfield></marc:datafield>
<marc:controlfield tag="001">1258259</marc:controlfield><marc:controlfield tag="003">OSt</marc:controlfield><marc:controlfield tag="005">20170301084823.0</marc:controlfield><marc:controlfield tag="008">700105s1969    enk           000 0 eng  </marc:controlfield><marc:datafield tag="010" ind1=" " ind2=" "><marc:subfield code="a">   73436914 </marc:subfield></marc:datafield><marc:datafield tag="015" ind1=" " ind2=" "><marc:subfield code="a">B69-11988</marc:subfield></marc:datafield><marc:datafield tag="020" ind1=" " ind2=" "><marc:subfield code="a">0860130282</marc:subfield></marc:datafield><marc:datafield tag="041" ind1="1" ind2=" "><marc:subfield code="a">eng</marc:subfield><marc:subfield code="a">pli</marc:subfield></marc:datafield><marc:datafield tag="050" ind1="0" ind2="0"><marc:subfield code="a">BQ2567</marc:subfield><marc:subfield code="a">PK4541</marc:subfield><marc:subfield code="b">.P5 no. 37</marc:subfield></marc:datafield><marc:datafield tag="130" ind1="0" ind2=" "><marc:subfield code="a">Tipiṭaka.</marc:subfield><marc:subfield code="p">Abhidhammapiṭaka.</marc:subfield><marc:subfield code="p">Paṭṭhāna.</marc:subfield><marc:subfield code="l">English</marc:subfield></marc:datafield><marc:datafield tag="245" ind1="1" ind2="0"><marc:subfield code="a">Conditional relations (Paṭṭhāna.):</marc:subfield><marc:subfield code="b">being vol. I of the Chaṭṭhasaṅgāyana text of the seventh book of the Abhidhamma Piṭaka,</marc:subfield><marc:subfield code="c">a translation by U. Nārada Mūla Paṭṭhāna Sayadaw(of Rangoon, Burma), Originator of Anhidhmma Charts, assisted by Thein Nyun.</marc:subfield></marc:datafield><marc:datafield tag="260" ind1=" " ind2=" "><marc:subfield code="a">London,</marc:subfield><marc:subfield code="b">published for the Pali Text Society by Luzac,</marc:subfield><marc:subfield code="c">1997</marc:subfield></marc:datafield><marc:datafield tag="300" ind1=" " ind2=" "><marc:subfield code="a">cxxxi, 526, [2] p.</marc:subfield><marc:subfield code="c">23 cm.</marc:subfield></marc:datafield><marc:datafield tag="490" ind1="1" ind2=" "><marc:subfield code="a">Pali Text Society. Translation series, no. 37</marc:subfield></marc:datafield><marc:datafield tag="505" ind1=" " ind2=" "><marc:subfield code="g">First printed in 1969 Reprinted in 1992 Reprinted in 1997</marc:subfield></marc:datafield><marc:datafield tag="700" ind1="1" ind2=" "><marc:subfield code="a">Narada,</marc:subfield><marc:subfield code="c">Mūla Paṭṭhāna Sayadaw, U</marc:subfield><marc:subfield code="e">tr.</marc:subfield></marc:datafield><marc:datafield tag="830" ind1=" " ind2="0"><marc:subfield code="a">Translation series (London, England) ;</marc:subfield><marc:subfield code="v">no. 37.</marc:subfield></marc:datafield><marc:datafield tag="906" ind1=" " ind2=" "><marc:subfield code="a">7</marc:subfield><marc:subfield code="b">cbu</marc:subfield><marc:subfield code="c">orignew</marc:subfield><marc:subfield code="d">u</marc:subfield><marc:subfield code="e">ncip</marc:subfield><marc:subfield code="f">19</marc:subfield><marc:subfield code="g">y-gencatlg</marc:subfield></marc:datafield><marc:datafield tag="942" ind1=" " ind2=" "><marc:subfield code="2">ddc</marc:subfield><marc:subfield code="c">BK</marc:subfield></marc:datafield><marc:datafield tag="952" ind1=" " ind2=" "><marc:subfield code="0">0</marc:subfield><marc:subfield code="1">0</marc:subfield><marc:subfield code="2">ddc</marc:subfield><marc:subfield code="4">0</marc:subfield><marc:subfield code="6">O_2_XII_01_02</marc:subfield><marc:subfield code="7">0</marc:subfield><marc:subfield code="9">273</marc:subfield><marc:subfield code="a">bb_ar</marc:subfield><marc:subfield code="b">bb_ar</marc:subfield><marc:subfield code="c">O2</marc:subfield><marc:subfield code="d">2017-01-14</marc:subfield><marc:subfield code="o">O2_XII_01_02</marc:subfield><marc:subfield code="r">2017-01-14</marc:subfield><marc:subfield code="t">ej. 1</marc:subfield><marc:subfield code="w">2017-01-14</marc:subfield><marc:subfield code="y">BK</marc:subfield></marc:datafield></marc:record>