
<marc:record><marc:leader>01136cam a2200241   4500</marc:leader>
<marc:datafield tag="999" ind1=" " ind2=" "><marc:subfield code="c">213</marc:subfield><marc:subfield code="d">213</marc:subfield></marc:datafield>
<marc:controlfield tag="001">1258259</marc:controlfield><marc:controlfield tag="003">OSt</marc:controlfield><marc:controlfield tag="005">20170301084823.0</marc:controlfield><marc:controlfield tag="008">700105s1969    enk           000 0 eng  </marc:controlfield><marc:datafield tag="010" ind1=" " ind2=" "><marc:subfield code="a">   73436914 </marc:subfield></marc:datafield><marc:datafield tag="015" ind1=" " ind2=" "><marc:subfield code="a">B69-11988</marc:subfield></marc:datafield><marc:datafield tag="020" ind1=" " ind2=" "><marc:subfield code="a">0860132641</marc:subfield></marc:datafield><marc:datafield tag="041" ind1="1" ind2=" "><marc:subfield code="a">eng</marc:subfield><marc:subfield code="a">pli</marc:subfield></marc:datafield><marc:datafield tag="130" ind1="0" ind2=" "><marc:subfield code="a">Tipiṭaka.</marc:subfield><marc:subfield code="p">Abhidhammapiṭaka.</marc:subfield><marc:subfield code="p">Paṭṭhāna.</marc:subfield><marc:subfield code="l">English</marc:subfield></marc:datafield><marc:datafield tag="245" ind1="1" ind2="0"><marc:subfield code="a">Conditional relations (Paṭṭhāna.):</marc:subfield><marc:subfield code="b">being vol. II of the Chaṭṭhasaṅgāyana text of the seventh book of the Abhidhamma Pitaṭa,</marc:subfield><marc:subfield code="c">a translation by U. Nārada Mūla Paṭṭhāna Sayadaw Aggamahāpaṇḍita(of Rangoon), originator of Abhidhamma Charts, assisted by Thein Nyun.</marc:subfield></marc:datafield><marc:datafield tag="260" ind1=" " ind2=" "><marc:subfield code="a">Oxford</marc:subfield><marc:subfield code="b">published for the Pali Text Society </marc:subfield><marc:subfield code="c">1998</marc:subfield></marc:datafield><marc:datafield tag="490" ind1="1" ind2=" "><marc:subfield code="a">Pali Text Society. Translation series, no. 37</marc:subfield></marc:datafield><marc:datafield tag="505" ind1=" " ind2=" "><marc:subfield code="g">First printed in 1981 Reprinted in 1993 Reprinted in 1998</marc:subfield></marc:datafield><marc:datafield tag="700" ind1="1" ind2=" "><marc:subfield code="a">Narada,</marc:subfield><marc:subfield code="c">Mūla Paṭṭhāna Sayadaw, U</marc:subfield><marc:subfield code="e">tr.</marc:subfield></marc:datafield><marc:datafield tag="830" ind1=" " ind2="0"><marc:subfield code="a">Translation series (London, England) ;</marc:subfield><marc:subfield code="v">no. 42.</marc:subfield></marc:datafield><marc:datafield tag="942" ind1=" " ind2=" "><marc:subfield code="2">ddc</marc:subfield><marc:subfield code="c">BK</marc:subfield></marc:datafield><marc:datafield tag="952" ind1=" " ind2=" "><marc:subfield code="0">0</marc:subfield><marc:subfield code="1">0</marc:subfield><marc:subfield code="2">ddc</marc:subfield><marc:subfield code="4">0</marc:subfield><marc:subfield code="6">O_2_XII_01_03</marc:subfield><marc:subfield code="7">0</marc:subfield><marc:subfield code="9">274</marc:subfield><marc:subfield code="a">bb_ar</marc:subfield><marc:subfield code="b">bb_ar</marc:subfield><marc:subfield code="c">O2</marc:subfield><marc:subfield code="d">2017-01-14</marc:subfield><marc:subfield code="o">O2_XII_01_03</marc:subfield><marc:subfield code="r">2017-01-14</marc:subfield><marc:subfield code="t">ej. 1</marc:subfield><marc:subfield code="w">2017-01-14</marc:subfield><marc:subfield code="y">BK</marc:subfield></marc:datafield></marc:record>