
<marc:record><marc:leader>00707nam a22001697a 4500</marc:leader>
<marc:datafield tag="999" ind1=" " ind2=" "><marc:subfield code="c">224</marc:subfield><marc:subfield code="d">224</marc:subfield></marc:datafield>
<marc:controlfield tag="003">OSt</marc:controlfield><marc:controlfield tag="005">20170301084824.0</marc:controlfield><marc:controlfield tag="008">170115b        xxu||||| |||| 00| 0 eng d</marc:controlfield><marc:datafield tag="041" ind1=" " ind2=" "><marc:subfield code="a">eng</marc:subfield></marc:datafield><marc:datafield tag="100" ind1="1" ind2=" "><marc:subfield code="a">Evans-Wentz, W. Y.</marc:subfield><marc:subfield code="e">ed.</marc:subfield></marc:datafield><marc:datafield tag="245" ind1="1" ind2="4"><marc:subfield code="a">The tibetan book of the great liberation :</marc:subfield><marc:subfield code="b">or the method of realizing nirvana through knowing the mind /</marc:subfield><marc:subfield code="c">introductions, annotations and editing by W. Y. Evans-Wentz ; with psychological commentary by Dr. C. G. Jung</marc:subfield></marc:datafield><marc:datafield tag="260" ind1=" " ind2=" "><marc:subfield code="a">London :</marc:subfield><marc:subfield code="b">Oxford University Press,</marc:subfield><marc:subfield code="c">1968</marc:subfield></marc:datafield><marc:datafield tag="300" ind1=" " ind2=" "><marc:subfield code="a">261 p.</marc:subfield></marc:datafield><marc:datafield tag="700" ind1="1" ind2=" "><marc:subfield code="a">Jung, Carl Gustav</marc:subfield></marc:datafield><marc:datafield tag="942" ind1=" " ind2=" "><marc:subfield code="2">ddc</marc:subfield><marc:subfield code="c">BK</marc:subfield></marc:datafield><marc:datafield tag="952" ind1=" " ind2=" "><marc:subfield code="0">0</marc:subfield><marc:subfield code="1">0</marc:subfield><marc:subfield code="2">ddc</marc:subfield><marc:subfield code="4">0</marc:subfield><marc:subfield code="6">S__XIV_07_12</marc:subfield><marc:subfield code="7">0</marc:subfield><marc:subfield code="9">285</marc:subfield><marc:subfield code="a">bb_ar</marc:subfield><marc:subfield code="b">bb_ar</marc:subfield><marc:subfield code="c">S</marc:subfield><marc:subfield code="d">2017-01-15</marc:subfield><marc:subfield code="o">S_XIV_07_12</marc:subfield><marc:subfield code="r">2017-01-15</marc:subfield><marc:subfield code="t">ej.1</marc:subfield><marc:subfield code="w">2017-01-15</marc:subfield><marc:subfield code="y">BK</marc:subfield></marc:datafield></marc:record>