
<marc:record><marc:leader>00938cam a2200265 a 4500</marc:leader>
<marc:datafield tag="999" ind1=" " ind2=" "><marc:subfield code="c">228</marc:subfield><marc:subfield code="d">228</marc:subfield></marc:datafield>
<marc:controlfield tag="001">254402</marc:controlfield><marc:controlfield tag="003">OSt</marc:controlfield><marc:controlfield tag="005">20170301084824.0</marc:controlfield><marc:controlfield tag="008">990422r19981892ii            000 0beng  </marc:controlfield><marc:datafield tag="010" ind1=" " ind2=" "><marc:subfield code="a">   99932379 </marc:subfield></marc:datafield><marc:datafield tag="020" ind1=" " ind2=" "><marc:subfield code="a">0860133958</marc:subfield></marc:datafield><marc:datafield tag="041" ind1="1" ind2=" "><marc:subfield code="a">eng</marc:subfield><marc:subfield code="h">pli</marc:subfield></marc:datafield><marc:datafield tag="050" ind1="0" ind2="0"><marc:subfield code="a">BQ942.U32</marc:subfield><marc:subfield code="b">B8313 1998</marc:subfield></marc:datafield><marc:datafield tag="130" ind1="0" ind2=" "><marc:subfield code="a">Buddhaghosuppatti.</marc:subfield><marc:subfield code="l">English &amp; Pali.</marc:subfield></marc:datafield><marc:datafield tag="245" ind1="1" ind2="0"><marc:subfield code="a">Buddhaghosuppatti, or, The historical romance of the rise and career of Buddhaghosa /</marc:subfield><marc:subfield code="c">[edited and translated by] James Gray.</marc:subfield></marc:datafield><marc:datafield tag="246" ind1="3" ind2=" "><marc:subfield code="a">Buddhaghosuppatti</marc:subfield></marc:datafield><marc:datafield tag="246" ind1="3" ind2=" "><marc:subfield code="a">Historical romance of the rise and career of Buddhaghosa</marc:subfield></marc:datafield><marc:datafield tag="260" ind1=" " ind2=" "><marc:subfield code="a">Oxford,</marc:subfield><marc:subfield code="b">Pali Text Society, </marc:subfield><marc:subfield code="c">2001. </marc:subfield></marc:datafield><marc:datafield tag="300" ind1=" " ind2=" "><marc:subfield code="a">36 p.</marc:subfield></marc:datafield><marc:datafield tag="505" ind1=" " ind2=" "><marc:subfield code="a">Originally published: London : Luzac, 1892.</marc:subfield></marc:datafield><marc:datafield tag="600" ind1="0" ind2="0"><marc:subfield code="a">Buddhaghosa.</marc:subfield></marc:datafield><marc:datafield tag="700" ind1="1" ind2=" "><marc:subfield code="a">Gray, James,</marc:subfield><marc:subfield code="d">1849-1905.</marc:subfield><marc:subfield code="4">tr.</marc:subfield></marc:datafield><marc:datafield tag="942" ind1=" " ind2=" "><marc:subfield code="2">ddc</marc:subfield><marc:subfield code="c">BK</marc:subfield></marc:datafield><marc:datafield tag="952" ind1=" " ind2=" "><marc:subfield code="0">0</marc:subfield><marc:subfield code="1">0</marc:subfield><marc:subfield code="2">ddc</marc:subfield><marc:subfield code="4">0</marc:subfield><marc:subfield code="7">0</marc:subfield><marc:subfield code="9">289</marc:subfield><marc:subfield code="a">bb_ar</marc:subfield><marc:subfield code="b">bb_ar</marc:subfield><marc:subfield code="c">O2</marc:subfield><marc:subfield code="d">2017-01-15</marc:subfield><marc:subfield code="i">O2_XII_01_08</marc:subfield><marc:subfield code="r">2017-01-15</marc:subfield><marc:subfield code="t">ej. 1</marc:subfield><marc:subfield code="w">2017-01-15</marc:subfield><marc:subfield code="y">BK</marc:subfield></marc:datafield></marc:record>