
<marc:record><marc:leader>01040cam a22002771  4500</marc:leader>
<marc:datafield tag="999" ind1=" " ind2=" "><marc:subfield code="c">229</marc:subfield><marc:subfield code="d">229</marc:subfield></marc:datafield>
<marc:controlfield tag="001">5978506</marc:controlfield><marc:controlfield tag="003">OSt</marc:controlfield><marc:controlfield tag="005">20170301084824.0</marc:controlfield><marc:controlfield tag="008">790716s1940    enk           000 0 eng  </marc:controlfield><marc:datafield tag="010" ind1=" " ind2=" "><marc:subfield code="a">   41023908 </marc:subfield></marc:datafield><marc:datafield tag="020" ind1=" " ind2=" "><marc:subfield code="a">0860130193</marc:subfield></marc:datafield><marc:datafield tag="041" ind1="1" ind2=" "><marc:subfield code="a">eng</marc:subfield><marc:subfield code="a">pli</marc:subfield></marc:datafield><marc:datafield tag="050" ind1="0" ind2="0"><marc:subfield code="a">PK4541</marc:subfield><marc:subfield code="b">.P5 no. 28</marc:subfield></marc:datafield><marc:datafield tag="130" ind1="0" ind2=" "><marc:subfield code="a">Kathāvatthu.</marc:subfield></marc:datafield><marc:datafield tag="245" ind1="1" ind2="4"><marc:subfield code="a">The debates commentary</marc:subfield><marc:subfield code="b">(Kathāvatthuppakaraṇa-aṭṭhakathā)</marc:subfield><marc:subfield code="c">translated into English for the first time by Bimala Churn Law.</marc:subfield></marc:datafield><marc:datafield tag="260" ind1=" " ind2=" "><marc:subfield code="a">Oxford,</marc:subfield><marc:subfield code="c">1999.</marc:subfield></marc:datafield><marc:datafield tag="300" ind1=" " ind2=" "><marc:subfield code="a">248 p.</marc:subfield></marc:datafield><marc:datafield tag="490" ind1="0" ind2=" "><marc:subfield code="a">Translation series</marc:subfield><marc:subfield code="v">28</marc:subfield></marc:datafield><marc:datafield tag="500" ind1=" " ind2=" "><marc:subfield code="a">Authorship ascribed to Moggaliputta Tissa.</marc:subfield></marc:datafield><marc:datafield tag="500" ind1=" " ind2=" "><marc:subfield code="a">&quot;Editor's afterword&quot; signed: C. A. F. Rhys Davids.</marc:subfield></marc:datafield><marc:datafield tag="700" ind1="1" ind2=" "><marc:subfield code="a">Moggaliputta Tissa,</marc:subfield><marc:subfield code="d">active 3d century B.C.,</marc:subfield><marc:subfield code="c">supposed author.</marc:subfield></marc:datafield><marc:datafield tag="700" ind1="1" ind2=" "><marc:subfield code="a">Law, Bimala Churn,</marc:subfield><marc:subfield code="d">1892-</marc:subfield><marc:subfield code="e">tr.</marc:subfield></marc:datafield><marc:datafield tag="700" ind1="1" ind2=" "><marc:subfield code="a">Davids, Caroline A. F. Rhys</marc:subfield><marc:subfield code="q">(Caroline Augusta Foley Rhys),</marc:subfield><marc:subfield code="d">1857-1942,</marc:subfield><marc:subfield code="e">ed.</marc:subfield></marc:datafield><marc:datafield tag="942" ind1=" " ind2=" "><marc:subfield code="2">ddc</marc:subfield><marc:subfield code="c">BK</marc:subfield></marc:datafield><marc:datafield tag="952" ind1=" " ind2=" "><marc:subfield code="0">0</marc:subfield><marc:subfield code="1">0</marc:subfield><marc:subfield code="2">ddc</marc:subfield><marc:subfield code="4">0</marc:subfield><marc:subfield code="7">0</marc:subfield><marc:subfield code="9">290</marc:subfield><marc:subfield code="a">bb_ar</marc:subfield><marc:subfield code="b">bb_ar</marc:subfield><marc:subfield code="c">O2</marc:subfield><marc:subfield code="d">2017-01-15</marc:subfield><marc:subfield code="i">O2_XII_01_09</marc:subfield><marc:subfield code="r">2017-01-15</marc:subfield><marc:subfield code="t">ej. 1</marc:subfield><marc:subfield code="w">2017-01-15</marc:subfield><marc:subfield code="y">BK</marc:subfield></marc:datafield></marc:record>