
<marc:record><marc:leader>00535nam a22001697a 4500</marc:leader>
<marc:datafield tag="999" ind1=" " ind2=" "><marc:subfield code="c">230</marc:subfield><marc:subfield code="d">230</marc:subfield></marc:datafield>
<marc:controlfield tag="003">OSt</marc:controlfield><marc:controlfield tag="005">20170301084824.0</marc:controlfield><marc:controlfield tag="008">170116b        xxu||||| |||| 00| 0 eng d</marc:controlfield><marc:datafield tag="041" ind1=" " ind2=" "><marc:subfield code="a">spa</marc:subfield></marc:datafield><marc:datafield tag="100" ind1="1" ind2=" "><marc:subfield code="a">Rivière, Jean M.</marc:subfield></marc:datafield><marc:datafield tag="245" ind1="1" ind2="3"><marc:subfield code="a">El yoga tántrico hindú y tibetano /</marc:subfield><marc:subfield code="c">Jean M. Rivière</marc:subfield></marc:datafield><marc:datafield tag="260" ind1=" " ind2=" "><marc:subfield code="a">Buenos Aires :</marc:subfield><marc:subfield code="b">Editorial Kier,</marc:subfield><marc:subfield code="c">c1962</marc:subfield></marc:datafield><marc:datafield tag="300" ind1=" " ind2=" "><marc:subfield code="a">158 p.</marc:subfield></marc:datafield><marc:datafield tag="490" ind1=" " ind2=" "><marc:subfield code="a">(Orientalista)</marc:subfield></marc:datafield><marc:datafield tag="942" ind1=" " ind2=" "><marc:subfield code="2">ddc</marc:subfield><marc:subfield code="c">BK</marc:subfield></marc:datafield><marc:datafield tag="952" ind1=" " ind2=" "><marc:subfield code="0">0</marc:subfield><marc:subfield code="1">0</marc:subfield><marc:subfield code="2">ddc</marc:subfield><marc:subfield code="4">0</marc:subfield><marc:subfield code="6">S__XIV_07_13</marc:subfield><marc:subfield code="7">0</marc:subfield><marc:subfield code="9">291</marc:subfield><marc:subfield code="a">bb_ar</marc:subfield><marc:subfield code="b">bb_ar</marc:subfield><marc:subfield code="c">S</marc:subfield><marc:subfield code="d">2017-01-16</marc:subfield><marc:subfield code="o">S_XIV_07_13</marc:subfield><marc:subfield code="r">2017-01-16</marc:subfield><marc:subfield code="t">ej.1</marc:subfield><marc:subfield code="w">2017-01-16</marc:subfield><marc:subfield code="y">BK</marc:subfield></marc:datafield></marc:record>