
<marc:record><marc:leader>01029cam a22002651  4500</marc:leader>
<marc:datafield tag="999" ind1=" " ind2=" "><marc:subfield code="c">242</marc:subfield><marc:subfield code="d">242</marc:subfield></marc:datafield>
<marc:controlfield tag="001">7269974</marc:controlfield><marc:controlfield tag="003">OSt</marc:controlfield><marc:controlfield tag="005">20170301084825.0</marc:controlfield><marc:controlfield tag="008">831006m18881925enk           000 0 pli  </marc:controlfield><marc:datafield tag="010" ind1=" " ind2=" "><marc:subfield code="a">   06004419 </marc:subfield></marc:datafield><marc:datafield tag="020" ind1=" " ind2=" "><marc:subfield code="a">0860131262</marc:subfield></marc:datafield><marc:datafield tag="041" ind1=" " ind2=" "><marc:subfield code="a">pli</marc:subfield><marc:subfield code="a">eng</marc:subfield></marc:datafield><marc:datafield tag="050" ind1="0" ind2="0"><marc:subfield code="a">PK4541</marc:subfield><marc:subfield code="b">.P4 vol. 17, 39, 43, 45, 47, 51, 100</marc:subfield></marc:datafield><marc:datafield tag="130" ind1="0" ind2=" "><marc:subfield code="a">Majjhimanikāya.</marc:subfield></marc:datafield><marc:datafield tag="245" ind1="1" ind2="4"><marc:subfield code="a">The Majjhima-nikāya /</marc:subfield><marc:subfield code="c">Edited by Mrs. Rhys Davids</marc:subfield></marc:datafield><marc:datafield tag="260" ind1=" " ind2=" "><marc:subfield code="a">Oxford</marc:subfield><marc:subfield code="b">Pali Text Society</marc:subfield><marc:subfield code="c">1991</marc:subfield></marc:datafield><marc:datafield tag="500" ind1=" " ind2=" "><marc:subfield code="a">Vol. IV, Index of words, edited by Mrs. Rhys Davids.</marc:subfield></marc:datafield><marc:datafield tag="500" ind1=" " ind2=" "><marc:subfield code="a">Issued in 7 parts, 1887-1925 (cf. Issues of Pali text society, 1925). Vol. 2 issued in 2 parts, v. 3 in 3 parts, continuously paged.</marc:subfield></marc:datafield><marc:datafield tag="500" ind1=" " ind2=" "><marc:subfield code="a">Pali text transliterated.</marc:subfield></marc:datafield><marc:datafield tag="500" ind1=" " ind2=" "><marc:subfield code="a">&quot;Indices to the Majjhima-nikāya, by Mabel Bode.&quot;: v. 3, p. [303]-327.</marc:subfield></marc:datafield><marc:datafield tag="700" ind1="1" ind2=" "><marc:subfield code="a">Mrs. Rhys Davids</marc:subfield></marc:datafield><marc:datafield tag="710" ind1="2" ind2=" "><marc:subfield code="a">Pali Text Society.</marc:subfield></marc:datafield><marc:datafield tag="942" ind1=" " ind2=" "><marc:subfield code="2">ddc</marc:subfield><marc:subfield code="c">BK</marc:subfield></marc:datafield><marc:datafield tag="952" ind1=" " ind2=" "><marc:subfield code="0">0</marc:subfield><marc:subfield code="1">0</marc:subfield><marc:subfield code="2">ddc</marc:subfield><marc:subfield code="4">0</marc:subfield><marc:subfield code="6">O_2_XII_02_04</marc:subfield><marc:subfield code="7">0</marc:subfield><marc:subfield code="9">303</marc:subfield><marc:subfield code="a">bb_ar</marc:subfield><marc:subfield code="b">bb_ar</marc:subfield><marc:subfield code="c">O2</marc:subfield><marc:subfield code="d">2017-01-17</marc:subfield><marc:subfield code="o">O2_XII_02_04</marc:subfield><marc:subfield code="r">2017-01-17</marc:subfield><marc:subfield code="t">ej. 1</marc:subfield><marc:subfield code="w">2017-01-17</marc:subfield><marc:subfield code="y">BK</marc:subfield></marc:datafield></marc:record>