
<marc:record><marc:leader>00851cam a22002411  4500</marc:leader>
<marc:datafield tag="999" ind1=" " ind2=" "><marc:subfield code="c">245</marc:subfield><marc:subfield code="d">245</marc:subfield></marc:datafield>
<marc:controlfield tag="001">6365912</marc:controlfield><marc:controlfield tag="003">OSt</marc:controlfield><marc:controlfield tag="005">20170301084825.0</marc:controlfield><marc:controlfield tag="008">791001m19051907enk           000 0 eng  </marc:controlfield><marc:datafield tag="010" ind1=" " ind2=" "><marc:subfield code="a">   15010925 </marc:subfield></marc:datafield><marc:datafield tag="020" ind1=" " ind2=" "><marc:subfield code="a">0710004656</marc:subfield></marc:datafield><marc:datafield tag="041" ind1=" " ind2=" "><marc:subfield code="a">pli</marc:subfield><marc:subfield code="a">eng</marc:subfield></marc:datafield><marc:datafield tag="130" ind1="0" ind2=" "><marc:subfield code="a">Paṭisambhidāmagga,</marc:subfield></marc:datafield><marc:datafield tag="245" ind1="0" ind2="0"><marc:subfield code="a">Paṭisambhidāmagga, Vols. I, II /</marc:subfield><marc:subfield code="c">Edited by Arnold C. Taylor, M.A.</marc:subfield></marc:datafield><marc:datafield tag="260" ind1=" " ind2=" "><marc:subfield code="a">London</marc:subfield><marc:subfield code="b">Pali text society</marc:subfield><marc:subfield code="c">1979</marc:subfield></marc:datafield><marc:datafield tag="260" ind1=" " ind2=" "><marc:subfield code="a">London</marc:subfield><marc:subfield code="a">Henley</marc:subfield><marc:subfield code="a">Boston</marc:subfield><marc:subfield code="b">Routledge &amp; Kegan Paul LTD.</marc:subfield><marc:subfield code="c">1979</marc:subfield></marc:datafield><marc:datafield tag="300" ind1=" " ind2=" "><marc:subfield code="a">2 v., 274</marc:subfield></marc:datafield><marc:datafield tag="490" ind1="0" ind2=" "><marc:subfield code="a">Text Series</marc:subfield><marc:subfield code="v">86, 87</marc:subfield></marc:datafield><marc:datafield tag="504" ind1=" " ind2=" "><marc:subfield code="a">First Published, Vol. I 1905 Vol. II 1907 Reprinted 1979</marc:subfield></marc:datafield><marc:datafield tag="700" ind1="1" ind2=" "><marc:subfield code="a">Taylor, Arnold C.</marc:subfield><marc:subfield code="q">(Arnold Charles),</marc:subfield><marc:subfield code="d">1867-</marc:subfield><marc:subfield code="e">ed.</marc:subfield></marc:datafield><marc:datafield tag="942" ind1=" " ind2=" "><marc:subfield code="2">ddc</marc:subfield><marc:subfield code="c">BK</marc:subfield></marc:datafield><marc:datafield tag="952" ind1=" " ind2=" "><marc:subfield code="0">0</marc:subfield><marc:subfield code="1">0</marc:subfield><marc:subfield code="2">ddc</marc:subfield><marc:subfield code="4">0</marc:subfield><marc:subfield code="6">O_2_XII_02_01</marc:subfield><marc:subfield code="7">0</marc:subfield><marc:subfield code="9">306</marc:subfield><marc:subfield code="a">bb_ar</marc:subfield><marc:subfield code="b">bb_ar</marc:subfield><marc:subfield code="c">O2</marc:subfield><marc:subfield code="d">2017-01-17</marc:subfield><marc:subfield code="o">O2_XII_02_01</marc:subfield><marc:subfield code="r">2017-01-17</marc:subfield><marc:subfield code="t">ej. 1</marc:subfield><marc:subfield code="w">2017-01-17</marc:subfield><marc:subfield code="y">BK</marc:subfield></marc:datafield></marc:record>