
<marc:record><marc:leader>00611nam a22001577a 4500</marc:leader>
<marc:datafield tag="999" ind1=" " ind2=" "><marc:subfield code="c">247</marc:subfield><marc:subfield code="d">247</marc:subfield></marc:datafield>
<marc:controlfield tag="003">OSt</marc:controlfield><marc:controlfield tag="005">20170301084826.0</marc:controlfield><marc:controlfield tag="008">170119b        xxu||||| |||| 00| 0 eng d</marc:controlfield><marc:datafield tag="041" ind1=" " ind2=" "><marc:subfield code="a">pli</marc:subfield><marc:subfield code="a">eng</marc:subfield></marc:datafield><marc:datafield tag="245" ind1=" " ind2="1"><marc:subfield code="a">Index to the Kathāvatthu /</marc:subfield><marc:subfield code="c">Compiled by Tetsuya Tabata; Satoshi Nonome; Toyoaki Uesugi; Shōkū Bando; Genshoh Unoke</marc:subfield></marc:datafield><marc:datafield tag="260" ind1=" " ind2=" "><marc:subfield code="a">London</marc:subfield><marc:subfield code="b">Pali Text Society</marc:subfield><marc:subfield code="c">1982</marc:subfield></marc:datafield><marc:datafield tag="260" ind1=" " ind2=" "><marc:subfield code="a">London</marc:subfield><marc:subfield code="a">Boston</marc:subfield><marc:subfield code="a">Henley</marc:subfield><marc:subfield code="b">Routledge &amp;Kegan Paul LTD</marc:subfield><marc:subfield code="c">1982</marc:subfield></marc:datafield><marc:datafield tag="300" ind1=" " ind2=" "><marc:subfield code="a">246 p.</marc:subfield></marc:datafield><marc:datafield tag="942" ind1=" " ind2=" "><marc:subfield code="2">ddc</marc:subfield><marc:subfield code="c">BK</marc:subfield></marc:datafield><marc:datafield tag="952" ind1=" " ind2=" "><marc:subfield code="0">0</marc:subfield><marc:subfield code="1">0</marc:subfield><marc:subfield code="2">ddc</marc:subfield><marc:subfield code="4">0</marc:subfield><marc:subfield code="7">0</marc:subfield><marc:subfield code="9">308</marc:subfield><marc:subfield code="a">bb_ar</marc:subfield><marc:subfield code="b">bb_ar</marc:subfield><marc:subfield code="c">O2</marc:subfield><marc:subfield code="d">2017-01-19</marc:subfield><marc:subfield code="i">O2_XII_03_02</marc:subfield><marc:subfield code="r">2017-01-19</marc:subfield><marc:subfield code="t">ej. 1</marc:subfield><marc:subfield code="w">2017-01-19</marc:subfield><marc:subfield code="y">BK</marc:subfield><marc:subfield code="j">249 (O2_XII_03_02)</marc:subfield></marc:datafield></marc:record>