
<marc:record><marc:leader>01968cam a22003011  4500</marc:leader>
<marc:datafield tag="999" ind1=" " ind2=" "><marc:subfield code="c">252</marc:subfield><marc:subfield code="d">252</marc:subfield></marc:datafield>
<marc:controlfield tag="001">9616655</marc:controlfield><marc:controlfield tag="003">OSt</marc:controlfield><marc:controlfield tag="005">20170301084826.0</marc:controlfield><marc:controlfield tag="008">810606s1906    enk           000 0 pli  </marc:controlfield><marc:datafield tag="010" ind1=" " ind2=" "><marc:subfield code="a">   07009543 </marc:subfield></marc:datafield><marc:datafield tag="020" ind1=" " ind2=" "><marc:subfield code="a">0860132781</marc:subfield></marc:datafield><marc:datafield tag="050" ind1="0" ind2="0"><marc:subfield code="a">PK4541</marc:subfield><marc:subfield code="b">.P4 vol. 58</marc:subfield></marc:datafield><marc:datafield tag="130" ind1="0" ind2=" "><marc:subfield code="a">Tipiṭaka.</marc:subfield><marc:subfield code="p">Abhidhammapiṭaka.</marc:subfield><marc:subfield code="p">Paṭṭhāna.</marc:subfield></marc:datafield><marc:datafield tag="245" ind1="1" ind2="0"><marc:subfield code="a">Dukapaṭṭhāna /</marc:subfield><marc:subfield code="b">vol. I, being part of the Abhidhamma piṭaka,</marc:subfield><marc:subfield code="c">edited by Mrs. Rhys Davids</marc:subfield></marc:datafield><marc:datafield tag="260" ind1=" " ind2=" "><marc:subfield code="a">Oxford</marc:subfield><marc:subfield code="b">Pali text society</marc:subfield><marc:subfield code="c">1996</marc:subfield></marc:datafield><marc:datafield tag="300" ind1=" " ind2=" "><marc:subfield code="a">xv, 366 p.</marc:subfield></marc:datafield><marc:datafield tag="490" ind1="0" ind2=" "><marc:subfield code="v">1</marc:subfield></marc:datafield><marc:datafield tag="500" ind1=" " ind2=" "><marc:subfield code="a">Pali text transliterated.</marc:subfield></marc:datafield><marc:datafield tag="500" ind1=" " ind2=" "><marc:subfield code="a">&quot;Transcribed for the Pali text society through the ... labour of ... Miss G.M. Noakes and ... Miss M.C. Foley, B. SC. during 1904-5. Their transcription is from the Siamese edition, with which I have collated (1) the Burmese Mandalay palmleaf ms. belonging to the India office library; (2) a paper transcript in Sinhalese character, copied at Colombo ... some twenty years ago; and (3) the fine edition published by the Hauthawaddy press at Rangoon.&quot;--Pref., signed: C.A.F. Rhys Davids.</marc:subfield></marc:datafield><marc:datafield tag="500" ind1=" " ind2=" "><marc:subfield code="a">Continued by the Tikapaṭṭhāna (3 v.) published by the Pali text society 1921-23. Part 3 of the Tikapaṭḥāna contains an index to the whole of the Paṭṭhāna, including the present volume, and a digest of the second part of the Dukapaṭṭhāna.</marc:subfield></marc:datafield><marc:datafield tag="500" ind1=" " ind2=" "><marc:subfield code="a">The D. was designated as vol. I in view of a projected edition of the Tikapaṭṭhāna erroneously believed to be a sequence to the D. cf. Introd.</marc:subfield></marc:datafield><marc:datafield tag="504" ind1=" " ind2=" "><marc:subfield code="a">First published 1906 by the Pali Text Society  73 Lime Walk Oxford OX3 7AD Reprinted 7988 Reprinted 1996 </marc:subfield></marc:datafield><marc:datafield tag="700" ind1="1" ind2=" "><marc:subfield code="a">Davids, Caroline A. F. Rhys</marc:subfield><marc:subfield code="q">(Caroline Augusta Foley Rhys),</marc:subfield><marc:subfield code="d">1857-1942,</marc:subfield><marc:subfield code="e">ed.</marc:subfield></marc:datafield><marc:datafield tag="700" ind1="1" ind2=" "><marc:subfield code="a">Noakes, G. M.,</marc:subfield><marc:subfield code="c">Miss.</marc:subfield></marc:datafield><marc:datafield tag="700" ind1="1" ind2=" "><marc:subfield code="a">Foley, Mary Cecilia.</marc:subfield></marc:datafield><marc:datafield tag="942" ind1=" " ind2=" "><marc:subfield code="2">ddc</marc:subfield><marc:subfield code="c">BK</marc:subfield></marc:datafield><marc:datafield tag="952" ind1=" " ind2=" "><marc:subfield code="0">0</marc:subfield><marc:subfield code="1">0</marc:subfield><marc:subfield code="2">ddc</marc:subfield><marc:subfield code="4">0</marc:subfield><marc:subfield code="6">EJ___1_000000000000000</marc:subfield><marc:subfield code="7">0</marc:subfield><marc:subfield code="9">314</marc:subfield><marc:subfield code="a">bb_ar</marc:subfield><marc:subfield code="b">bb_ar</marc:subfield><marc:subfield code="c">O2</marc:subfield><marc:subfield code="d">2017-01-19</marc:subfield><marc:subfield code="i">O2_XII_03_07</marc:subfield><marc:subfield code="o">ej. 1</marc:subfield><marc:subfield code="r">2017-01-19</marc:subfield><marc:subfield code="w">2017-01-19</marc:subfield><marc:subfield code="y">BK</marc:subfield></marc:datafield></marc:record>