
<marc:record><marc:leader>01375cam a2200241u  4500</marc:leader>
<marc:datafield tag="999" ind1=" " ind2=" "><marc:subfield code="c">253</marc:subfield><marc:subfield code="d">253</marc:subfield></marc:datafield>
<marc:controlfield tag="001">9197072</marc:controlfield><marc:controlfield tag="003">OSt</marc:controlfield><marc:controlfield tag="005">20170301084826.0</marc:controlfield><marc:controlfield tag="008">840418m19211923enk           000 0 eng  </marc:controlfield><marc:datafield tag="010" ind1=" " ind2=" "><marc:subfield code="a">   24001130 </marc:subfield></marc:datafield><marc:datafield tag="020" ind1=" " ind2=" "><marc:subfield code="a">086013279X</marc:subfield></marc:datafield><marc:datafield tag="041" ind1=" " ind2=" "><marc:subfield code="a">pli</marc:subfield><marc:subfield code="a">eng</marc:subfield></marc:datafield><marc:datafield tag="050" ind1="0" ind2="0"><marc:subfield code="a">PK4541</marc:subfield><marc:subfield code="b">.P4</marc:subfield></marc:datafield><marc:datafield tag="130" ind1="0" ind2=" "><marc:subfield code="a">Tipiṭaka.</marc:subfield><marc:subfield code="p">Abhidhammapiṭaka.</marc:subfield><marc:subfield code="p">Paṭṭhāna.</marc:subfield></marc:datafield><marc:datafield tag="245" ind1="1" ind2="0"><marc:subfield code="a">Tikapaṭṭhāna of the Abhidhamma Piṭaka /</marc:subfield><marc:subfield code="b">Part 1. Paccayavibhangavāra; together with Buddhaghosa's commentary from the Pañcappakaraṇatthakathā</marc:subfield><marc:subfield code="c">edited by Mrs. Rhys Davids </marc:subfield></marc:datafield><marc:datafield tag="260" ind1=" " ind2=" "><marc:subfield code="a">Oxford</marc:subfield><marc:subfield code="b">Pali Text Society</marc:subfield><marc:subfield code="c">1996</marc:subfield></marc:datafield><marc:datafield tag="300" ind1=" " ind2=" "><marc:subfield code="a">3 v.; 378 p.</marc:subfield></marc:datafield><marc:datafield tag="501" ind1=" " ind2=" "><marc:subfield code="a">3 volumes, 1921, 1922, 1923; reprinted as one volume 1988 The final book of the Abhidhamma-piṭaka, divided into two parts: the Tikapaṭṭhāna with &quot;groups of three&quot;, and the Dukapaṭṭhāna   dealing with &quot;groups of twos&quot;. It is a highly technical text, consisting of a minutely detailed analysis of the doctrine of conditionality.   Translation: Conditional Relations, Vols. I and II (translation of part of the Tikapaṭṭhāna only).</marc:subfield></marc:datafield><marc:datafield tag="600" ind1="0" ind2="0"><marc:subfield code="a">Buddhaghosa.</marc:subfield><marc:subfield code="t">Pañcapakaraṇaṭṭhakathā.</marc:subfield></marc:datafield><marc:datafield tag="700" ind1="1" ind2=" "><marc:subfield code="a">Davids, Caroline A. F. Rhys</marc:subfield><marc:subfield code="q">(Caroline Augusta Foley Rhys),</marc:subfield><marc:subfield code="d">1857-1942,</marc:subfield><marc:subfield code="e">ed.</marc:subfield></marc:datafield><marc:datafield tag="942" ind1=" " ind2=" "><marc:subfield code="2">ddc</marc:subfield><marc:subfield code="c">BK</marc:subfield></marc:datafield><marc:datafield tag="952" ind1=" " ind2=" "><marc:subfield code="0">0</marc:subfield><marc:subfield code="1">0</marc:subfield><marc:subfield code="2">ddc</marc:subfield><marc:subfield code="4">0</marc:subfield><marc:subfield code="7">0</marc:subfield><marc:subfield code="9">315</marc:subfield><marc:subfield code="a">bb_ar</marc:subfield><marc:subfield code="b">bb_ar</marc:subfield><marc:subfield code="c">O2</marc:subfield><marc:subfield code="d">2017-01-19</marc:subfield><marc:subfield code="i">O2_XII_03_08</marc:subfield><marc:subfield code="r">2017-01-19</marc:subfield><marc:subfield code="t">ej. 1</marc:subfield><marc:subfield code="w">2017-01-19</marc:subfield><marc:subfield code="y">BK</marc:subfield></marc:datafield></marc:record>