
<marc:record><marc:leader>01574cam a22002771  4500</marc:leader>
<marc:datafield tag="999" ind1=" " ind2=" "><marc:subfield code="c">262</marc:subfield><marc:subfield code="d">262</marc:subfield></marc:datafield>
<marc:controlfield tag="003">OSt</marc:controlfield><marc:controlfield tag="005">20170301084827.0</marc:controlfield><marc:controlfield tag="008">781205m18851910xx            000 0 pli  </marc:controlfield><marc:datafield tag="022" ind1=" " ind2=" "><marc:subfield code="2">0710003315</marc:subfield></marc:datafield><marc:datafield tag="041" ind1=" " ind2=" "><marc:subfield code="a">pli</marc:subfield><marc:subfield code="a">eng</marc:subfield></marc:datafield><marc:datafield tag="130" ind1="0" ind2=" "><marc:subfield code="a">Aṅguttaranikāya.</marc:subfield></marc:datafield><marc:datafield tag="245" ind1="0" ind2="4"><marc:subfield code="a">The Anguttara-Nikāya, Part V</marc:subfield><marc:subfield code="c">Edited by Prof. E. Hardy</marc:subfield><marc:subfield code="b">Dasaka-Nipāta, and Ekādasaka-Nipāta /</marc:subfield></marc:datafield><marc:datafield tag="260" ind1=" " ind2=" "><marc:subfield code="a">London</marc:subfield><marc:subfield code="a">Henley</marc:subfield><marc:subfield code="a">Boston</marc:subfield><marc:subfield code="b">Pali text society</marc:subfield><marc:subfield code="b">Routledge &amp; KEgan Paul LTD.</marc:subfield><marc:subfield code="c">1979</marc:subfield></marc:datafield><marc:datafield tag="300" ind1=" " ind2=" "><marc:subfield code="a">6 v.; 422 p.</marc:subfield></marc:datafield><marc:datafield tag="490" ind1="0" ind2=" "><marc:subfield code="a">Text Series</marc:subfield><marc:subfield code="v">7</marc:subfield></marc:datafield><marc:datafield tag="500" ind1=" " ind2=" "><marc:subfield code="a">Pali text transliterated. Contenido: v.5: Dasaka-Nipata and Ekadasaka-Pitaka; v.6: Indexes.</marc:subfield></marc:datafield><marc:datafield tag="500" ind1=" " ind2=" "><marc:subfield code="a">Pt. 3-5 ed. by Prof. E. Hardy.</marc:subfield></marc:datafield><marc:datafield tag="500" ind1=" " ind2=" "><marc:subfield code="a">&quot;An edition of the first two nipâtas was issued by the Pâli text society among the publications of 1883; but it was not well received on account of the numerous contractions used in the text.&quot;--Note, pt. I, p. [vii]</marc:subfield></marc:datafield><marc:datafield tag="505" ind1="0" ind2=" "><marc:subfield code="a">pt. I. Ekanipâta, Dukanipâta, and Tikanipâta.--pt. II. Catukka nipāta.--pt. III. Pañcaka-nipāta, and Chakka-nipāta.--pt. IV. Sattaka-nipāta, Aṭṭhhaka-nipāta, and Navaka-nipāta.--pt. V. Dasaka-nipāta, and Ekādasaka-nipāta.--pt. VI. Indexes. By Mabel Hunt. Rev. and ed. by C. A. F. Rhys Davids.</marc:subfield></marc:datafield><marc:datafield tag="700" ind1="1" ind2=" "><marc:subfield code="a">Morris, Richard,</marc:subfield><marc:subfield code="d">1833-1894,</marc:subfield><marc:subfield code="e">ed.</marc:subfield></marc:datafield><marc:datafield tag="700" ind1="1" ind2=" "><marc:subfield code="a">Hardy, Edmund,</marc:subfield><marc:subfield code="d">1852-1904,</marc:subfield><marc:subfield code="e">ed.</marc:subfield></marc:datafield><marc:datafield tag="700" ind1="1" ind2=" "><marc:subfield code="a">Hunt, Mabel.</marc:subfield></marc:datafield><marc:datafield tag="700" ind1="1" ind2=" "><marc:subfield code="a">Davids, Caroline A. F. Rhys</marc:subfield><marc:subfield code="q">(Caroline Augusta Foley Rhys),</marc:subfield><marc:subfield code="d">1857-1942.</marc:subfield></marc:datafield><marc:datafield tag="942" ind1=" " ind2=" "><marc:subfield code="2">ddc</marc:subfield><marc:subfield code="c">BK</marc:subfield></marc:datafield><marc:datafield tag="952" ind1=" " ind2=" "><marc:subfield code="0">0</marc:subfield><marc:subfield code="1">0</marc:subfield><marc:subfield code="2">ddc</marc:subfield><marc:subfield code="4">0</marc:subfield><marc:subfield code="7">0</marc:subfield><marc:subfield code="9">324</marc:subfield><marc:subfield code="a">bb_ar</marc:subfield><marc:subfield code="b">bb_ar</marc:subfield><marc:subfield code="c">O2</marc:subfield><marc:subfield code="d">2017-02-03</marc:subfield><marc:subfield code="r">2017-02-03</marc:subfield><marc:subfield code="t">ej. 1</marc:subfield><marc:subfield code="w">2017-02-03</marc:subfield><marc:subfield code="y">BK</marc:subfield><marc:subfield code="j">O2_XII_04_01</marc:subfield></marc:datafield></marc:record>