
<marc:record><marc:leader>00808nam a22002177a 4500</marc:leader>
<marc:datafield tag="999" ind1=" " ind2=" "><marc:subfield code="c">2827</marc:subfield><marc:subfield code="d">2827</marc:subfield></marc:datafield>
<marc:controlfield tag="003">OSt</marc:controlfield><marc:controlfield tag="005">20170318153852.0</marc:controlfield><marc:controlfield tag="008">170318b        xxu||||| |||| 00| 0 eng d</marc:controlfield><marc:datafield tag="020" ind1=" " ind2=" "><marc:subfield code="a">9552401941</marc:subfield></marc:datafield><marc:datafield tag="041" ind1=" " ind2=" "><marc:subfield code="a">eng</marc:subfield></marc:datafield><marc:datafield tag="100" ind1="1" ind2=" "><marc:subfield code="a">Mahathera Ledi Sayadaw</marc:subfield></marc:datafield><marc:datafield tag="245" ind1="1" ind2="0"><marc:subfield code="a">Manual of mindfulness of breathing =</marc:subfield><marc:subfield code="b">Anapana dipani /</marc:subfield><marc:subfield code="c">Mahathera Ledi Sayadaw ; translated into english by U Sein Nyo Tun ; prepared and presented by S.S. Davidson</marc:subfield></marc:datafield><marc:datafield tag="246" ind1="3" ind2="1"><marc:subfield code="a">Anapana dipani</marc:subfield></marc:datafield><marc:datafield tag="260" ind1=" " ind2=" "><marc:subfield code="a">Kandy :</marc:subfield><marc:subfield code="b">Buddhist Publication Society,</marc:subfield><marc:subfield code="c">c1999</marc:subfield></marc:datafield><marc:datafield tag="300" ind1=" " ind2=" "><marc:subfield code="a">55 p.</marc:subfield></marc:datafield><marc:datafield tag="490" ind1=" " ind2=" "><marc:subfield code="a">(The wheel publication ;</marc:subfield><marc:subfield code="v">431/432)</marc:subfield></marc:datafield><marc:datafield tag="700" ind1="1" ind2=" "><marc:subfield code="a">Tun, Sein Nyo, U</marc:subfield><marc:subfield code="e">tr.</marc:subfield></marc:datafield><marc:datafield tag="700" ind1="1" ind2=" "><marc:subfield code="a">Davidson, S. S.</marc:subfield></marc:datafield><marc:datafield tag="942" ind1=" " ind2=" "><marc:subfield code="2">ddc</marc:subfield><marc:subfield code="c">BK</marc:subfield></marc:datafield><marc:datafield tag="952" ind1=" " ind2=" "><marc:subfield code="0">0</marc:subfield><marc:subfield code="1">0</marc:subfield><marc:subfield code="2">ddc</marc:subfield><marc:subfield code="4">0</marc:subfield><marc:subfield code="6">S__XIV_07_28A</marc:subfield><marc:subfield code="7">0</marc:subfield><marc:subfield code="9">5453</marc:subfield><marc:subfield code="a">bb_ar</marc:subfield><marc:subfield code="b">bb_ar</marc:subfield><marc:subfield code="c">S</marc:subfield><marc:subfield code="d">2017-03-18</marc:subfield><marc:subfield code="o">S_XIV_07_28a</marc:subfield><marc:subfield code="r">2017-03-18</marc:subfield><marc:subfield code="t">ej.1</marc:subfield><marc:subfield code="w">2017-03-18</marc:subfield><marc:subfield code="y">BK</marc:subfield></marc:datafield></marc:record>