
<marc:record><marc:leader>00880nam a22001937a 4500</marc:leader>
<marc:datafield tag="999" ind1=" " ind2=" "><marc:subfield code="c">2828</marc:subfield><marc:subfield code="d">2828</marc:subfield></marc:datafield>
<marc:controlfield tag="003">OSt</marc:controlfield><marc:controlfield tag="005">20170318164259.0</marc:controlfield><marc:controlfield tag="008">170318b        xxu||||| |||| 00| 0 eng d</marc:controlfield><marc:datafield tag="041" ind1=" " ind2=" "><marc:subfield code="a">eng</marc:subfield></marc:datafield><marc:datafield tag="100" ind1="1" ind2=" "><marc:subfield code="a">Evans-Wentz, W. Y.</marc:subfield><marc:subfield code="e">ed.</marc:subfield></marc:datafield><marc:datafield tag="245" ind1="1" ind2="0"><marc:subfield code="a">Tibetan yoga and secret doctrines :</marc:subfield><marc:subfield code="b">or seven books of wisdom of the great path, according to the late Lama Kazi Dawa-Samdup's english rendering /</marc:subfield><marc:subfield code="c">arranged and edited with introductions and annotations to serve as a commentary by W. Y. Evans-Wentz ; with foreword by Dr. R. R. Marett and yogic commentary by Chen-Chi Chang</marc:subfield></marc:datafield><marc:datafield tag="250" ind1=" " ind2=" "><marc:subfield code="a">2nd ed.</marc:subfield></marc:datafield><marc:datafield tag="260" ind1=" " ind2=" "><marc:subfield code="a">London :</marc:subfield><marc:subfield code="b">Oxford University Press,</marc:subfield><marc:subfield code="c">1967</marc:subfield></marc:datafield><marc:datafield tag="300" ind1=" " ind2=" "><marc:subfield code="a">389 p.</marc:subfield></marc:datafield><marc:datafield tag="700" ind1="1" ind2=" "><marc:subfield code="a">Marett, R. R.</marc:subfield><marc:subfield code="e">prol.</marc:subfield></marc:datafield><marc:datafield tag="700" ind1="1" ind2=" "><marc:subfield code="a">Chen-Chi Chang</marc:subfield><marc:subfield code="e">tr.</marc:subfield></marc:datafield><marc:datafield tag="942" ind1=" " ind2=" "><marc:subfield code="2">ddc</marc:subfield><marc:subfield code="c">BK</marc:subfield></marc:datafield><marc:datafield tag="952" ind1=" " ind2=" "><marc:subfield code="0">0</marc:subfield><marc:subfield code="1">0</marc:subfield><marc:subfield code="2">ddc</marc:subfield><marc:subfield code="4">0</marc:subfield><marc:subfield code="6">S__XIV_07_29</marc:subfield><marc:subfield code="7">0</marc:subfield><marc:subfield code="9">5454</marc:subfield><marc:subfield code="a">bb_ar</marc:subfield><marc:subfield code="b">bb_ar</marc:subfield><marc:subfield code="c">S</marc:subfield><marc:subfield code="d">2017-03-18</marc:subfield><marc:subfield code="o">S_XIV_07_29</marc:subfield><marc:subfield code="r">2017-03-18</marc:subfield><marc:subfield code="t">ej.1</marc:subfield><marc:subfield code="w">2017-03-18</marc:subfield><marc:subfield code="y">BK</marc:subfield></marc:datafield></marc:record>
</marc:collection>
